fiscalDateEnding,reportedCurrency,grossProfit,totalRevenue,costOfRevenue,costofGoodsAndServicesSold,operatingIncome,sellingGeneralAndAdministrative,researchAndDevelopment,operatingExpenses,investmentIncomeNet,netInterestIncome,interestIncome,interestExpense,nonInterestIncome,otherNonOperatingIncome,depreciation,depreciationAndAmortization,incomeBeforeTax,incomeTaxExpense,interestAndDebtExpense,netIncomeFromContinuingOperations,comprehensiveIncomeNetOfTax,ebit,ebitda,netIncome,ticker
2024-09-30,USD,134100000,1273300000,1139200000,940300000,98400000,180700000,41700000,240600000,4000000,-29000000,4000000,33000000,1273300000,-1100000,None,18200000,67200000,22600000,None,47300000,59500000,100200000,118400000,44600000,BC
2024-06-30,USD,191300000,1443900000,1252600000,1052900000,158300000,181800000,43000000,242700000,4700000,-27900000,4700000,32600000,1443900000,-800000,None,17900000,127700000,27700000,None,104800000,93600000,160300000,178200000,100000000,BC
2024-03-31,USD,152000000,1365000000,1213000000,991400000,110600000,203700000,45800000,267400000,2500000,-26100000,2500000,28600000,1365000000,0,None,17900000,86600000,18600000,None,68400000,57500000,115200000,133100000,68000000,BC
2023-12-31,USD,130000000,1361900000,1231900000,997500000,108300000,198700000,42400000,276800000,2600000,-27300000,2600000,27300000,1361900000,700000,None,17800000,75700000,14800000,27300000,71000000,77300000,103000000,120800000,60900000,BC
2023-09-30,USD,221400000,1593600000,1372200000,1148900000,196100000,187100000,45200000,268500000,3400000,-28100000,3400000,28100000,1593600000,6000000,None,17000000,158700000,46200000,28100000,113900000,99200000,186800000,203800000,112500000,BC
2023-06-30,USD,240000000,1702300000,1462300000,1230000000,194400000,215100000,48900000,281200000,2000000,-28800000,2000000,28800000,1702300000,1800000,None,17200000,171000000,36300000,28800000,135300000,131800000,199800000,217000000,134700000,BC
2023-03-31,USD,277700000,1743600000,1465900000,1238000000,236100000,211300000,48700000,276600000,2200000,-26000000,23800000,28200000,1743600000,-900000,None,16600000,211300000,99000000,None,112400000,115900000,239500000,256100000,112300000,BC
2022-12-31,USD,201800000,1582700000,1380900000,1154400000,191600000,185300000,50900000,277400000,3600000,-27700000,22900000,27700000,1582500000,-4800000,None,16100000,165300000,23600000,27900000,140300000,151900000,193000000,209100000,141700000,BC
2022-09-30,USD,296800000,1698200000,1401400000,1199300000,237700000,186200000,50400000,252500000,1900000,-26100000,22900000,26100000,1698200000,-100000,None,15900000,210300000,46500000,26100000,168200000,158000000,236400000,252300000,163800000,BC
2022-06-30,USD,313800000,1835600000,1521800000,1299200000,279000000,207200000,50200000,272800000,500000,-25900000,500000,25900000,1835600000,300000,None,15400000,253100000,55800000,25900000,198800000,185000000,279000000,294400000,197300000,BC
2022-03-31,USD,275000000,1695700000,1420700000,1212100000,239500000,192700000,51400000,260000000,100000,-18400000,100000,18400000,1695800000,-1500000,None,15900000,220600000,46400000,18300000,174000000,184100000,239000000,254900000,174200000,BC
2021-12-31,USD,156000000,1431000000,1275000000,1054200000,121800000,207500000,47400000,268200000,200000,-18800000,17800000,18800000,1426800000,-2400000,None,11700000,101100000,-400000,23000000,102000000,105000000,119900000,131600000,101500000,BC
2021-09-30,USD,240200000,1427200000,1187000000,1016800000,209000000,165900000,35500000,205700000,800000,-16900000,15800000,16900000,1427200000,-1600000,None,8300000,181900000,38800000,16900000,144600000,140600000,198800000,207100000,143100000,BC
2021-06-30,USD,279900000,1554800000,1274900000,1093300000,250200000,173600000,37500000,219100000,900000,-15400000,900000,15400000,1554800000,-1500000,None,8000000,234600000,55200000,15400000,179400000,184000000,250000000,258000000,179400000,BC
2021-03-31,USD,258500000,1433200000,1174700000,1015900000,231900000,150800000,34100000,192900000,200000,-14800000,200000,14800000,1433200000,-1300000,None,8000000,216700000,47400000,14800000,169400000,174900000,231500000,239500000,169300000,BC
2020-12-31,USD,336300000,1161100000,824800000,824800000,136500000,161900000,38100000,208800000,300000,-15300000,300000,15300000,1161100000,-3400000,None,7900000,118200000,23100000,15300000,96000000,104300000,133500000,141400000,95100000,BC
2020-09-30,USD,376900000,1233100000,856200000,856200000,192600000,151300000,31200000,190700000,300000,-16400000,15500000,16400000,1233100000,-1200000,None,8000000,176800000,38900000,16400000,136800000,146600000,193200000,201200000,137900000,BC
2020-06-30,USD,256000000,987800000,731800000,731800000,107000000,119200000,27700000,154900000,300000,-18700000,300000,18700000,987800000,-900000,None,8000000,88300000,17600000,18700000,71200000,71400000,107000000,115000000,70700000,BC
2020-03-31,USD,243800000,965500000,721700000,721700000,103200000,111300000,28900000,148200000,300000,-16900000,300000,16900000,965500000,700000,None,8000000,87400000,18400000,16900000,70700000,61100000,104300000,112300000,69000000,BC
2019-12-31,USD,236600000,917600000,681000000,681000000,74500000,129600000,29700000,1300000,900000,-16600000,14400000,16600000,917600000,-500000,None,7900000,53600000,-13500000,16600000,75000000,67000000,70200000,78100000,67100000,BC
2019-09-30,USD,276900000,976600000,699700000,699700000,119700000,120100000,29700000,451900000,1600000,-18800000,1600000,18800000,976600000,100000,None,8000000,-196000000,43300000,18800000,-232900000,53900000,-177200000,-169200000,-239300000,BC
2019-06-30,USD,328000000,1163500000,835500000,835500000,162700000,126400000,33500000,167700000,400000,-20800000,400000,20800000,1163500000,-100000,None,7800000,109200000,31700000,20800000,112100000,93100000,130000000,137800000,77500000,BC
2019-03-31,USD,279500000,1050700000,771200000,771200000,114100000,133500000,28700000,379400000,400000,-19800000,400000,19800000,1275900000,-1600000,None,9800000,-17500000,18800000,19800000,76200000,-35300000,2300000,12100000,-36300000,BC
2018-12-31,USD,244400000,961100000,716700000,716700000,69700000,136300000,29800000,256700000,600000,-18000000,None,18000000,0,-800000,None,9300000,52300000,8900000,0,46300000,37000000,70300000,79600000,43400000,BC
2018-09-30,USD,278300000,1044100000,765800000,765800000,98200000,141300000,29400000,242700000,1000000,-13100000,None,13100000,1292900000,-700000,None,6800000,76700000,6700000,18200000,75200000,72500000,89800000,96600000,70000000,BC
2018-06-30,USD,281200000,1148700000,867500000,867500000,93100000,121400000,32500000,210400000,600000,-8200000,None,8200000,1400900000,-2400000,None,2200000,95400000,16400000,8200000,68100000,68600000,103600000,105800000,79000000,BC
2018-03-31,USD,243100000,967000000,723900000,901400000,105100000,163500000,37600000,193400000,700000,-6900000,-200000,6700000,1155400000,0,None,2200000,100100000,27200000,6900000,63800000,83900000,106800000,109000000,72900000,BC
2017-12-31,USD,276600000,1182100000,905500000,185300000,-46400000,-14400000,3000000,96600000,800000,-6500000,None,6500000,0,-1700000,None,2200000,-104400000,12500000,6500000,-90400000,-64700000,-97900000,-95700000,-116900000,BC
2017-09-30,USD,314400000,1141500000,827100000,827100000,114200000,157900000,35500000,196900000,900000,-6600000,None,6600000,0,-1000000,None,2100000,109000000,30000000,6600000,84700000,90700000,115600000,117700000,79000000,BC
2017-06-30,USD,369900000,1352000000,982100000,982100000,171100000,156600000,36500000,195200000,400000,-6700000,None,6700000,None,300000,None,2100000,166500000,47100000,6700000,118800000,123100000,173200000,175300000,119400000,BC
2017-03-31,USD,301200000,1160300000,859100000,787800000,103400000,148100000,34500000,184600000,500000,-6500000,None,6500000,None,-1300000,None,2000000,89100000,24200000,6500000,74200000,72100000,95600000,97600000,64900000,BC
2016-12-31,USD,266900000,1103800000,55100000,795700000,99100000,146400000,35000000,55100000,600000,-6700000,None,6700000,None,-15000000,None,2100000,23900000,6200000,6700000,16700000,43100000,30600000,32700000,17700000,BC
2016-09-30,USD,298300000,1093000000,935300000,783300000,122500000,150300000,34500000,186500000,400000,-7000000,None,7000000,None,800000,None,1700000,118200000,32800000,7000000,84100000,88700000,125200000,126900000,85400000,BC
2016-06-30,USD,344200000,1242200000,1044200000,888900000,161900000,153700000,35100000,190400000,400000,-7000000,None,7000000,None,-100000,None,1600000,156200000,48100000,7000000,108400000,110700000,163200000,164800000,108100000,BC
2016-03-31,USD,270900000,1070300000,937300000,788200000,96000000,147700000,34600000,183700000,400000,-6800000,None,6800000,None,1000000,None,1400000,93000000,28200000,6800000,63400000,73000000,99800000,101200000,64800000,BC
2015-12-31,USD,249700000,986100000,82300000,465500000,-27400000,113800000,21700000,82300000,500000,-6800000,-100000,6700000,None,900000,None,700000,-36000000,-26700000,6800000,-9000000,19400000,-29300000,-28600000,-9300000,BC
2015-09-30,USD,281700000,991900000,846500000,710200000,115800000,135600000,30300000,166600000,700000,-7000000,None,7000000,None,1200000,None,700000,115600000,39700000,7000000,72200000,71000000,122600000,123300000,75900000,BC
2015-06-30,USD,324400000,1142000000,956800000,817600000,154200000,138400000,31800000,171000000,500000,-7000000,None,7000000,None,1500000,None,800000,160400000,42600000,7000000,107600000,111700000,167400000,168200000,117800000,BC
2015-03-31,USD,258800000,985700000,867700000,726900000,88700000,140000000,30100000,170900000,500000,-7000000,None,7000000,None,1700000,None,800000,85300000,28300000,7000000,56600000,45700000,92300000,93100000,57000000,BC
2014-12-31,USD,230000000,938500000,48100000,708600000,14600000,153800000,33500000,48100000,500000,-7100000,100000,7200000,-100000,3000000,None,22800000,-10000000,-5700000,100000,-2300000,-81500000,-2800000,42400000,-4300000,BC
2014-09-30,USD,259200000,925200000,807800000,672900000,93700000,134900000,29700000,164600000,200000,-6900000,None,6900000,None,1200000,None,13100000,132300000,27900000,6900000,61000000,97700000,139200000,109800000,104400000,BC
2014-06-30,USD,304300000,1131300000,966400000,768800000,138300000,134900000,28000000,181300000,300000,-8500000,-600000,7900000,None,1200000,None,23400000,133400000,44800000,8500000,87100000,92000000,141300000,169300000,88600000,BC
2014-03-31,USD,243300000,960800000,845100000,651600000,81900000,133000000,28400000,178900000,200000,-8500000,-600000,7900000,None,1100000,None,21900000,83000000,26000000,8500000,49100000,58500000,90900000,117800000,57000000,BC
2013-12-31,USD,194800000,901400000,854100000,632000000,8100000,147200000,33700000,100000,500000,-8300000,-500000,7800000,-100000,1000000,None,22800000,3500000,-577700000,100000,578700000,731200000,11300000,46300000,581200000,BC
2013-09-30,USD,227600000,883500000,797200000,596800000,62700000,135000000,27300000,180500000,300000,-8600000,-400000,8200000,None,500000,None,21600000,55200000,-2600000,8900000,57200000,67900000,63400000,88800000,57800000,BC
2013-06-30,USD,289800000,1053400000,928700000,796700000,136700000,132000000,28900000,205800000,300000,-12600000,None,12600000,None,-1100000,None,21500000,92300000,11900000,44900000,78300000,77000000,104900000,161600000,80400000,BC
2013-03-31,USD,237100000,985900000,874800000,733400000,89900000,139100000,27300000,177900000,400000,-14400000,None,14400000,None,2200000,None,21600000,71700000,21900000,14500000,42600000,46700000,86100000,118500000,49800000,BC
2012-12-31,USD,188900000,825400000,716400000,407800000,-19900000,106100000,24900000,4400000,700000,-15300000,-1800000,13500000,-4400000,200000,None,18800000,-73900000,1400000,4400000,-65400000,-107400000,-60400000,36500000,-75300000,BC
2012-09-30,USD,233000000,860500000,792200000,641300000,56700000,135500000,26500000,190400000,500000,-16800000,None,16800000,None,-500000,None,23700000,11200000,9200000,24300000,26300000,23100000,28000000,89200000,2000000,BC
2012-06-30,USD,283900000,1044700000,925200000,770000000,125100000,132500000,25500000,183800000,700000,-17900000,None,17900000,-4400000,1600000,None,23600000,93500000,9900000,22300000,105900000,72000000,111400000,140100000,83600000,BC
2012-03-31,USD,238200000,957600000,880500000,721400000,75300000,138600000,24100000,183500000,1000000,-18100000,None,18100000,1500000,900000,None,23900000,50600000,10900000,18100000,57800000,48000000,68700000,91500000,39700000,BC
2011-12-31,USD,160600000,789100000,787400000,547600000,3200000,134200000,23000000,2900000,1300000,-18000000,None,18000000,-2900000,-900000,None,25200000,-40300000,-10700000,2900000,161500000,-157100000,-22300000,8600000,-29600000,BC
2011-09-30,USD,203900000,865000000,802800000,673900000,35600000,128900000,25100000,11700000,900000,-19300000,None,19300000,None,-600000,None,25400000,4700000,0,11700000,202800000,-24200000,24000000,75100000,4700000,BC
2011-06-30,USD,276300000,1095400000,964300000,821500000,107900000,142800000,24400000,900000,900000,-21200000,None,21200000,None,900000,None,25500000,86900000,17600000,900000,274800000,82700000,108100000,133300000,69300000,BC
2011-03-31,USD,236600000,981600000,890500000,749600000,67000000,140600000,23400000,4300000,800000,-23300000,None,23300000,None,0,None,28400000,40700000,13200000,4300000,236300000,45200000,64000000,102500000,27500000,BC
2010-12-31,USD,115800000,728800000,613000000,530500000,-28100000,128200000,22500000,172000000,None,None,None,23500000,None,100000,None,30800000,-99000000,5100000,None,None,-145700000,-75500000,-27300000,-104100000,BC
2010-09-30,USD,183300000,815400000,632100000,632100000,25200000,122800000,23100000,145900000,None,None,None,22700000,None,-2200000,None,30800000,-1900000,5300000,None,None,12400000,20800000,67100000,-7200000,BC
2010-06-30,USD,242300000,1014700000,772400000,772400000,55700000,140000000,22400000,162400000,None,None,None,23900000,None,-400000,None,32600000,28900000,15200000,None,None,3200000,52800000,114100000,13700000,BC
2010-03-31,USD,178600000,844400000,665800000,665800000,10100000,138800000,22300000,161100000,None,None,None,24300000,None,1000000,None,35100000,-12700000,300000,None,None,None,11600000,53500000,-13000000,BC
