fiscalDateEnding,reportedCurrency,grossProfit,totalRevenue,costOfRevenue,costofGoodsAndServicesSold,operatingIncome,sellingGeneralAndAdministrative,researchAndDevelopment,operatingExpenses,investmentIncomeNet,netInterestIncome,interestIncome,interestExpense,nonInterestIncome,otherNonOperatingIncome,depreciation,depreciationAndAmortization,incomeBeforeTax,incomeTaxExpense,interestAndDebtExpense,netIncomeFromContinuingOperations,comprehensiveIncomeNetOfTax,ebit,ebitda,netIncome,ticker
2024-09-30,USD,64261000,171623000,107362000,31610000,11456000,79799000,29223000,168195000,None,-8028000,-7548000,480000,179651000,21111000,6584000,27563000,24539000,5820000,480000,18719000,19069000,11456000,52582000,18719000,CARS
2024-06-30,USD,60021000,170785000,110764000,86184000,9517000,83193000,27583000,169377000,None,-8109000,-7558000,551000,178894000,14990000,6362000,27571000,16398000,5017000,551000,11381000,11043000,9517000,44520000,11381000,CARS
2024-03-31,USD,61461000,170846000,109385000,85412000,12744000,82020000,28085000,167432000,None,-8321000,-7583000,738000,179167000,-3603000,6360000,27365000,820000,36000,738000,784000,46000,12744000,28923000,784000,CARS
2023-12-31,USD,64901000,173424000,108523000,30918000,14935000,81904000,25230000,164671000,None,-8254000,-7515000,739000,181678000,-4790000,5964000,26619000,1891000,-6455000,739000,8346000,9297000,14935000,29249000,8346000,CARS
2023-09-30,USD,62915000,166556000,103641000,31077000,14318000,77971000,25297000,160015000,None,-7777000,-7023000,754000,174333000,-3902000,5973000,25670000,2639000,-1852000,754000,4491000,4491000,14318000,29063000,4491000,CARS
2023-06-30,USD,59555000,160026000,100471000,30415000,12334000,75802000,24956000,155842000,None,-8150000,-7382000,768000,168176000,-3133000,5510000,24669000,1051000,-93075000,768000,94126000,94126000,12334000,26488000,94126000,CARS
2023-03-31,USD,58181000,158824000,100643000,29795000,12529000,76601000,24101000,154539000,None,-8244000,-7463000,781000,167068000,8239000,4884000,24042000,12524000,1045000,781000,11479000,11479000,12529000,37347000,11479000,CARS
2022-12-31,USD,63410000,159759000,96349000,28875000,19811000,72643000,None,148390000,None,-8442000,-7647000,795000,168201000,5093000,4547000,23706000,16462000,6200000,795000,10262000,10979000,19811000,40963000,10262000,CARS
2022-09-30,USD,61651000,156094000,94443000,28828000,19899000,71309000,21425000,144696000,None,-8501000,-7691000,810000,164595000,-13387000,3976000,23134000,-1989000,952000,810000,-2941000,-3658000,19899000,21955000,-2941000,CARS
2022-06-30,USD,58959000,153826000,94867000,29504000,15385000,71866000,23117000,147488000,None,-9047000,-8233000,814000,162873000,-54000,3843000,23001000,6284000,739000,814000,5545000,6345000,15385000,30099000,5545000,CARS
2022-03-31,USD,50670000,148877000,98207000,27752000,10941000,73654000,21307000,147266000,None,-9330000,-8514000,816000,158207000,208000,4014000,24553000,1819000,-2521000,816000,4340000,5542000,10941000,27188000,4340000,CARS
2021-12-31,USD,44907000,148938000,104031000,29222000,4062000,78629000,None,154243000,None,-9367000,-8520000,847000,158305000,-144000,4097000,25402000,-5449000,-2565000,847000,-5956000,-1685000,4062000,20800000,-2884000,CARS
2021-09-30,USD,51612000,147031000,95419000,28928000,12074000,69867000,None,144479000,None,-9522000,-8666000,856000,156553000,19000,4213000,25552000,2571000,140000,856000,2431000,3633000,12074000,28979000,2431000,CARS
2021-06-30,USD,53469000,145691000,92222000,28219000,15655000,66924000,None,139875000,None,-9839000,-9016000,823000,155530000,-39000,3959000,25298000,5777000,-189000,823000,5966000,7167000,15655000,31898000,5966000,CARS
2021-03-31,USD,51137000,143294000,92157000,27831000,16547000,66477000,None,136748000,None,-10001000,-9167000,834000,153295000,38000,4021000,25680000,6584000,1306000,834000,5278000,6478000,16547000,33098000,5278000,CARS
2020-12-31,USD,153008000,153008000,91646000,27160000,15897000,65899000,None,137111000,None,-11627000,-8939000,2688000,153008000,-4239000,3858000,25747000,-27983000,-35202000,2688000,15897000,40436000,15897000,452000,7219000,CARS
2020-09-30,USD,49173000,133613000,84440000,25434000,19063000,59065000,None,125329000,None,-10779000,-9736000,1043000,144392000,1957000,3486000,25375000,10241000,22502000,1043000,-12261000,-9170000,19063000,36659000,-12261000,CARS
2020-06-30,USD,14396000,94085000,79689000,22912000,-17224000,48496000,None,119233000,None,-7924000,-7103000,821000,102009000,557000,5916000,31193000,-24591000,53000,821000,-24644000,-25289000,-17224000,7423000,-24644000,CARS
2020-03-31,USD,-865317000,140568000,1005885000,26030000,-905063000,69039000,None,1053157000,None,-7526000,-6970000,556000,148094000,-9501000,5683000,30961000,-922090000,-134656000,556000,-787434000,-794245000,-905063000,-890573000,-787434000,CARS
2019-12-31,USD,152187000,152187000,97183000,24562000,4706000,67067000,17863000,147481000,None,-7785000,-7171000,614000,152187000,25000,4839000,30116000,-3054000,1056000,614000,4706000,-2814000,4706000,27676000,-4110000,CARS
2019-09-30,USD,-410258000,144378000,554636000,25089000,-447716000,64203000,None,599806000,None,-7712000,-7385000,327000,152090000,1402000,4349000,28970000,-454026000,-27869000,327000,-426157000,-426524000,-447716000,-424729000,-426157000,CARS
2019-06-30,USD,116177000,140496000,24319000,24319000,1004000,75703000,None,147203000,None,-7711000,-7390000,321000,148207000,9000,5045000,29666000,-6698000,-672000,321000,-6026000,-7318000,1004000,23289000,-6026000,CARS
2019-03-31,USD,121053000,146632000,25579000,25579000,-4054000,84231000,17863000,158252000,None,-7566000,-7255000,311000,154198000,119000,4033000,28125000,-11501000,-2470000,311000,-9031000,-16310000,-4054000,16935000,-9031000,CARS
2018-12-31,USD,137903000,164346000,26443000,26443000,23870000,65314000,17768000,140476000,None,-7412000,-7076000,336000,164346000,646000,3625000,26656000,17104000,7747000,336000,23870000,9357000,23870000,44096000,9357000,CARS
2018-09-30,USD,138273000,162307000,23808000,24034000,28331000,70428000,15918000,140981000,None,-7005000,-6677000,328000,169312000,65000,3292000,26504000,21391000,5594000,328000,15797000,15797000,28331000,48223000,15797000,CARS
2018-06-30,USD,138365000,161169000,22500000,22804000,24557000,72675000,17951000,143955000,None,-7343000,-7017000,326000,168512000,27000,3142000,26712000,17241000,4515000,326000,12726000,12726000,24557000,44279000,12726000,CARS
2018-03-31,USD,134914000,154000000,17985000,19086000,7166000,84151000,22333000,152791000,None,-5957000,-5640000,317000,159957000,-16000,2761000,23938000,1193000,264000,317000,929000,929000,7166000,25448000,929000,CARS
2017-12-31,USD,140642000,156565000,15923000,15923000,38828000,52165000,73970000,117737000,None,-5211000,-4864000,347000,156565000,78000,2829000,22296000,33695000,-118063000,347000,38828000,151758000,38828000,56338000,151758000,CARS
2017-09-30,USD,72662000,154468000,18176000,36598000,39374000,62339000,18422000,120525000,None,-5431000,-5080000,351000,159899000,64000,2426000,21893000,34007000,13019000,351000,20988000,20988000,39374000,56251000,20988000,CARS
2017-06-30,USD,64520000,154854000,15540000,35062000,28873000,70866000,19522000,127751000,None,-1770000,None,1770000,156624000,51000,2909000,22377000,27154000,2345000,None,24809000,24809000,28873000,51250000,24809000,CARS
2017-03-31,USD,64361000,153174000,15902000,34819000,27181000,69346000,18917000,125993000,None,41000,None,None,153174000,84000,2606000,22073000,27306000,418000,None,26888000,26888000,27181000,49254000,26888000,CARS
2016-12-31,USD,130189000,161672000,14574000,31483000,48829000,40408000,73970000,112843000,None,41000,None,12371000,None,72000,None,21557000,48942000,136000,None,176370000,None,48829000,72651000,48806000,CARS
2016-09-30,USD,129826000,162295000,15033000,32469000,52168000,40207000,None,110127000,None,41000,None,41000,None,88000,None,21090000,52297000,452000,None,None,None,52168000,75420000,51845000,CARS
2016-06-30,USD,123447000,156650000,13628000,33203000,41875000,41240000,None,114775000,None,12000,None,12000,None,133000,None,20214000,42020000,0,None,None,None,41875000,64197000,42020000,CARS
2016-03-31,USD,119780000,152489000,13559000,32709000,33778000,40211000,None,118711000,None,None,None,None,None,-79000,None,20245000,33699000,None,None,None,None,33778000,56017000,33699000,CARS
