fiscalDateEnding,reportedCurrency,grossProfit,totalRevenue,costOfRevenue,costofGoodsAndServicesSold,operatingIncome,sellingGeneralAndAdministrative,researchAndDevelopment,operatingExpenses,investmentIncomeNet,netInterestIncome,interestIncome,interestExpense,nonInterestIncome,otherNonOperatingIncome,depreciation,depreciationAndAmortization,incomeBeforeTax,incomeTaxExpense,interestAndDebtExpense,netIncomeFromContinuingOperations,comprehensiveIncomeNetOfTax,ebit,ebitda,netIncome,ticker
2024-09-30,USD,-12074000,130654000,23325000,7843000,-26280000,13060000,1245000,16727000,None,-17281000,1098000,16503000,130654000,None,None,17933000,-41400000,-5332000,17858000,-36068000,-27075000,-24897000,-6964000,-36068000,EAF
2024-06-30,USD,3976000,137327000,9210000,1381000,-2679000,5098000,1447000,9276000,None,-16527000,1853000,15609000,137327000,None,None,14319000,-15344000,-592000,17859000,-14752000,-22940000,265000,14584000,-14752000,EAF
2024-03-31,USD,-1312000,120958000,35525000,2700000,-21361000,15277000,1627000,34452000,None,-15626000,1524000,15626000,136584000,None,None,13883000,-35070000,-4201000,15626000,-30869000,-41594000,-19444000,-5561000,-30869000,EAF
2023-12-31,USD,-19679000,121489000,-202379000,-415033000,-207712000,15079000,1837000,214052000,None,-15655000,None,15655000,137144000,None,None,13836000,-225104000,-7695000,15655000,-217409000,-211255000,-209449000,-195613000,-217409000,EAF
2023-09-30,USD,1389000,143273000,178560000,157603000,-18137000,18231000,1295000,22252000,None,-15719000,1144000,15719000,158992000,None,None,16954000,-32865000,-10244000,15719000,-22621000,-33562000,-17146000,-192000,-22621000,EAF
2023-06-30,USD,28345000,165905000,179575000,157216000,8598000,18551000,1196000,23555000,None,-13907000,242000,13907000,179812000,-213000,None,15322000,-5522000,2329000,13907000,-7851000,-8498000,8385000,23707000,-7851000,EAF
2023-03-31,USD,26157000,124635000,145741000,112645000,2814000,22151000,1192000,34288000,None,-12806000,372000,12806000,137441000,-281000,None,10777000,-10273000,-2904000,12806000,-7369000,-5323000,2533000,13310000,-7369000,EAF
2022-12-31,USD,84027000,236133000,218952000,163492000,63888000,19115000,1024000,58069000,None,-11533000,2283000,11533000,247666000,10989000,None,13788000,63427000,13096000,11533000,50371000,68636000,74960000,88748000,50331000,EAF
2022-09-30,USD,133669000,297665000,191427000,170171000,114077000,18578000,1014000,22270000,None,-6424000,241000,6424000,304089000,839000,None,13262000,108492000,15041000,6424000,93451000,77714000,114916000,128178000,93451000,EAF
2022-06-30,USD,162150000,357045000,222464000,201496000,143397000,18030000,723000,21691000,None,-9399000,1858000,9399000,366444000,2421000,None,14012000,136419000,21422000,9399000,114997000,91818000,145818000,159830000,114997000,EAF
2022-03-31,USD,175031000,360950000,227429000,191214000,152897000,21254000,880000,37095000,None,-9212000,98000,9212000,370162000,295000,None,14434000,143980000,19797000,9212000,124183000,144168000,153192000,167626000,124183000,EAF
2021-12-31,USD,180507000,348742000,232742000,182786000,162040000,17666000,801000,54789000,None,-14551000,14332000,14551000,363293000,379000,None,17301000,163656000,22176000,14551000,141474000,139810000,178207000,195508000,141480000,EAF
2021-09-30,USD,177062000,331300000,191992000,170286000,157073000,19006000,983000,22689000,417000,-16048000,417000,16048000,347348000,364000,None,15584000,141786000,21900000,16048000,119886000,114503000,157834000,173418000,119886000,EAF
2021-06-30,USD,128883000,314756000,280350000,201867000,52082000,75783000,1018000,79501000,199000,-15994000,199000,15994000,330750000,-357000,None,16292000,35930000,7765000,15994000,28165000,48491000,51924000,68216000,28165000,EAF
2021-03-31,USD,158001000,282230000,183088000,146396000,136879000,20153000,969000,37661000,37000,-22167000,37000,22167000,304397000,354000,None,16539000,115056000,16257000,22167000,98756000,97723000,137223000,153762000,98799000,EAF
2020-12-31,USD,175525000,300633000,214732000,162485000,155704000,17918000,1903000,55608000,168000,-29048000,168000,29048000,329681000,-1093000,None,17889000,13833000,13833000,37377000,125058000,144616000,42881000,60770000,0,EAF
2020-09-30,USD,155125000,264513000,153724000,131862000,135413000,19062000,650000,22512000,93000,-22474000,22381000,22474000,286987000,-694000,None,16241000,112338000,18104000,22474000,94234000,104515000,134812000,151053000,94234000,EAF
2020-06-30,USD,150118000,259838000,149501000,130600000,133407000,16001000,710000,19611000,348000,-20880000,348000,20880000,280718000,-311000,None,14549000,112576000,19800000,20880000,92764000,107644000,133456000,148005000,92776000,EAF
2020-03-31,USD,179729000,292974000,168133000,138917000,164085000,14932000,712000,29928000,1141000,-25672000,1141000,25672000,318646000,3314000,None,14284000,146168000,23900000,25672000,122268000,65319000,171840000,186124000,122268000,EAF
2019-12-31,USD,235290000,385753000,224249000,179322000,217221000,17346000,723000,50286000,1799000,-28859000,1799000,28859000,414612000,994000,None,15432000,7285000,7285000,28859000,174922000,191238000,36144000,51576000,0,EAF
2019-09-30,USD,242300000,388994000,197754000,178497000,225981000,15708000,611000,19868000,1765000,-31803000,1765000,31803000,420797000,688000,None,15357000,196631000,20755000,31803000,175876000,136345000,228434000,243791000,175876000,EAF
2019-06-30,USD,283343000,447421000,216090000,197047000,267236000,15394000,713000,19756000,731000,-32969000,731000,32969000,480390000,-863000,None,15445000,234168000,37800000,32969000,196368000,195904000,267137000,282582000,196368000,EAF
2019-03-31,USD,279470000,441294000,226884000,195524000,263607000,15226000,637000,31997000,414000,-33700000,33286000,33700000,474994000,-467000,None,15585000,229854000,32418000,33700000,197436000,219554000,263554000,279139000,197436000,EAF
2018-12-31,USD,318430000,557466000,15683000,214359000,302146000,15683000,601000,16284000,589000,-34674000,66687000,101361000,532789000,-828000,None,18667000,242282000,12650000,34674000,229886000,189293000,343643000,362310000,229632000,EAF
2018-09-30,USD,274610000,875925000,198263000,180280000,259858000,14234000,518000,18501000,562000,-33855000,None,33855000,454890000,-1502000,None,16050000,224337000,24871000,33855000,200192000,201755000,258192000,274242000,199466000,EAF
2018-06-30,USD,290422000,883997000,185449000,165910000,273602000,16239000,581000,20120000,391000,-28667000,None,28667000,456332000,974000,None,15368000,184184000,-17264000,28667000,201763000,214482000,212851000,228219000,201448000,EAF
2018-03-31,USD,306750000,842106000,177441000,145149000,290445000,15876000,429000,32721000,115000,-37865000,None,37865000,428072000,-2005000,None,16328000,252316000,28643000,61692000,222047000,222600000,290181000,306509000,223673000,EAF
2017-12-31,USD,59789000,192473000,15389000,132684000,44028000,15389000,373000,15762000,75000,-7583000,None,7583000,192473000,6426000,None,15461000,41598000,-14030000,7583000,56976000,62335000,49181000,64642000,55628000,EAF
2017-09-30,USD,16762000,129453000,138760000,120483000,2140000,13293000,1329000,19678000,58000,-7792000,None,7792000,137245000,404000,None,17688000,-1956000,1963000,7792000,-7153000,3627000,5836000,23524000,-3919000,EAF
2017-06-30,USD,9880000,108412000,123727000,106434000,-3222000,12169000,933000,18247000,139000,-7902000,None,7902000,116314000,-1423000,None,15985000,-16458000,925000,7902000,-13333000,-8628000,-8556000,7429000,-17383000,EAF
2017-03-31,USD,1286000,97193000,135448000,103453000,-11190000,11656000,820000,33920000,123000,-7546000,None,7546000,0,-3304000,None,17309000,-25983000,361000,7546000,-22278000,-21504000,-18437000,-1128000,-26344000,EAF
2016-12-31,USD,-1949000,135293000,-85750000,117931000,-24447000,19085000,570000,-85621000,189000,-7054000,None,7054000,None,2738000,None,20116000,-47980000,123000,7054000,-28697000,-59523000,-40926000,-20810000,-48103000,EAF
2016-09-30,USD,-6910000,104626000,3500000,113602000,-19651000,12215000,526000,3500000,158000,-6964000,None,6964000,None,567000,None,19547000,-24756000,-1789000,6964000,-24101000,-20549000,-17792000,1755000,-22967000,EAF
2016-06-30,USD,-8405000,108929000,3600000,120266000,-22614000,13423000,786000,3600000,0,-6436000,None,6436000,None,1198000,None,23770000,-133990000,-5591000,6436000,-22261000,-129335000,-127554000,-103784000,-128399000,EAF
2016-03-31,USD,-12975000,89116000,4000000,97014000,-27420000,13794000,651000,4000000,12000,-6460000,None,6460000,None,-237000,None,19458000,-36670000,-295000,6460000,-33810000,-23738000,-30210000,-10752000,-36375000,EAF
2015-12-31,USD,41720000,3701000,-38019000,144312000,48535000,-13024000,1688000,-6815000,None,None,None,7225000,None,None,None,18014000,-20201000,6047000,None,48535000,48535000,48535000,5476000,48535000,EAF
2015-09-30,USD,-48074000,260458000,44373000,30900000,-61547000,12700000,2871000,13473000,None,-3701000,None,3701000,None,None,None,16700000,-33125000,1818000,3701000,-61547000,-61547000,-61547000,-12207000,-61547000,EAF
2015-08-14,USD,652311000,None,-153814000,None,662929000,-9053000,None,-8849000,None,None,None,None,None,None,None,None,None,None,None,746149000,739992000,662929000,None,746149000,EAF
2015-06-30,USD,15939000,155927000,174436000,149183000,-12997000,25253000,1914000,27167000,273000,-9195000,None,9195000,None,-699000,None,18814000,-22618000,199000,9195000,-22817000,-15260000,-13423000,5391000,-22817000,EAF
2015-03-31,USD,20763000,198290000,304070000,186448000,-45833000,26290000,2431000,120053000,73000,-8921000,None,8921000,None,-393000,None,20570000,-55074000,534000,8921000,-55608000,-84374000,-46153000,-25583000,-55608000,EAF
2014-12-31,USD,30956000,252237000,75700000,228915000,-86012000,35154000,6300000,75700000,73000,-9834000,None,9834000,None,-543000,None,26585000,-96316000,-12833000,9834000,-151400000,-106447000,-86482000,-59897000,-83483000,EAF
2014-09-30,USD,17644000,251389000,275015000,242814000,-23051000,26980000,2871000,44141000,144000,-9069000,None,9069000,None,-1149000,None,26616000,-33125000,1818000,9069000,-34943000,-58190000,-24056000,2560000,-34943000,EAF
2014-06-30,USD,17953000,275029000,426254000,266231000,-139488000,32137000,2903000,172081000,55000,-9155000,None,9155000,None,41000,None,26846000,-148547000,6886000,9155000,-155433000,-155194000,-139392000,-112546000,-155433000,EAF
2014-03-31,USD,25694000,271792000,342520000,255097000,-7069000,29907000,2770000,99192000,58000,-8999000,None,8999000,None,-794000,None,39661000,-16804000,-5287000,8999000,-11517000,-9445000,-7805000,31856000,-11517000,EAF
2013-12-31,USD,4951000,299518000,457023000,303551000,-25718000,23543000,1563000,161421000,41000,-8984000,None,8984000,None,-945000,None,51627000,-35606000,-7385000,8984000,-28221000,-28948000,-26622000,25005000,-28221000,EAF
2013-09-30,USD,36644000,293986000,317342000,266440000,-8569000,27626000,2994000,62265000,49000,-9098000,None,9098000,None,772000,None,26902000,-16846000,-9216000,9098000,-7630000,-1924000,-7748000,19154000,-7630000,EAF
2013-06-30,USD,48921000,292414000,287801000,252440000,15973000,30161000,2787000,47095000,49000,-8947000,None,8947000,None,-975000,None,24492000,6100000,1718000,8947000,4382000,-8767000,15047000,39539000,4382000,EAF
2013-03-31,USD,48550000,244719000,255266000,205177000,15744000,29713000,3093000,63331000,64000,-9008000,None,9008000,None,-550000,None,20376000,6250000,2040000,9008000,4210000,434000,15258000,35634000,4210000,EAF
2012-12-31,USD,84510000,363485000,364029000,286489000,42321000,38312000,3877000,103809000,83000,-7514000,None,7514000,None,-371000,None,23428000,34519000,5880000,7514000,28639000,30619000,42033000,65461000,28639000,EAF
2012-09-30,USD,79986000,314877000,280402000,240730000,43563000,33645000,2778000,48289000,33000,-5839000,None,5839000,None,-1653000,None,21869000,36104000,6478000,5839000,29626000,26386000,41943000,63812000,29626000,EAF
2012-06-30,USD,84377000,310479000,272085000,231234000,46577000,34858000,2942000,48925000,64000,-5132000,None,5132000,None,-394000,None,20276000,41115000,-732000,5132000,41847000,12838000,46247000,66523000,41847000,EAF
2012-03-31,USD,66931000,236176000,228819000,174007000,24007000,38725000,4199000,60562000,81000,-4762000,None,4762000,None,3423000,None,16087000,22749000,5220000,4762000,17529000,29057000,27511000,43598000,17529000,EAF
2011-12-31,USD,83708000,343457000,348532000,264276000,31303000,47285000,5120000,120765000,61000,-4527000,None,4527000,None,299000,None,21271000,27136000,-29919000,4527000,57055000,49758000,31663000,52934000,57055000,EAF
2011-09-30,USD,92744000,341040000,291575000,253088000,57491000,32401000,2852000,48331000,119000,-4792000,340000,5132000,None,-5321000,None,20361000,47497000,7200000,4792000,40297000,-2264000,52629000,72990000,40297000,EAF
2011-06-30,USD,75159000,315647000,283813000,245072000,39569000,32656000,2934000,48059000,115000,-4584000,None,4584000,None,196000,None,20542000,35296000,6727000,4584000,28569000,37875000,39880000,60422000,28569000,EAF
2011-03-31,USD,72935000,301733000,285200000,233202000,37646000,32219000,3070000,60379000,129000,-4404000,None,4404000,None,-9000,None,19779000,33362000,6099000,4404000,31667000,41633000,37766000,57545000,27263000,EAF
2010-12-31,USD,67816000,279226000,256936000,213423000,30144000,34431000,3241000,55488000,105000,-2013000,None,2013000,None,3024000,None,13489000,43434000,-29489000,2013000,79211000,73685000,45447000,58936000,72923000,EAF
2010-09-30,USD,76223000,254375000,210797000,179013000,42473000,30315000,3435000,34989000,160000,-861000,None,861000,None,-10111000,None,10478000,33077000,7040000,861000,25473000,24612000,33938000,44416000,26037000,EAF
2010-06-30,USD,75918000,253558000,212435000,178936000,40797000,32030000,3091000,36795000,507000,-1296000,None,1296000,None,8596000,None,8613000,50288000,9541000,1296000,40618000,39322000,51584000,60197000,40747000,EAF
2010-03-31,USD,69294000,214758000,180156000,146370000,44626000,22233000,2435000,38488000,561000,-906000,None,906000,None,3259000,None,10084000,46766000,11813000,906000,34434000,33528000,47672000,57756000,34953000,EAF
2009-12-31,USD,65300000,200992000,163445000,137065000,47348000,16610000,1342000,30950000,495000,-1373000,None,1373000,None,6578000,None,8832000,51903000,14437000,1373000,30072000,80541000,53276000,62108000,37466000,EAF
2009-09-30,USD,46533000,163711000,136935000,118346000,25073000,18589000,2871000,22748000,251000,-1168000,None,1168000,None,-10710000,None,7703000,12493000,5629000,1168000,8032000,6864000,13661000,21364000,6864000,EAF
2009-06-30,USD,45688000,156353000,135181000,112086000,19484000,23095000,3109000,27625000,184000,-1421000,None,1421000,None,-3270000,None,8174000,-39625000,-2534000,1421000,-72761000,-37091000,-38204000,-30030000,-37091000,EAF
2009-03-31,USD,32126000,134026000,101932000,101900000,8423000,21635000,2068000,23671000,None,None,None,1647000,None,5534000,None,8028000,13639000,5170000,None,None,None,15286000,23314000,8469000,EAF
2008-12-31,USD,85821000,264950000,167569000,179129000,43101000,37410000,5659000,27131000,None,None,None,2491000,None,-4543000,None,8679000,16524000,-18052000,None,None,None,19015000,27694000,34576000,EAF
2008-09-30,USD,113953000,315748000,201795000,201795000,86713000,24754000,2479000,27233000,None,None,None,3427000,None,16919000,None,9332000,100409000,17009000,None,None,None,103836000,113168000,83400000,EAF
2008-06-30,USD,114350000,319538000,205188000,205188000,88637000,23688000,1835000,25523000,None,None,None,5782000,None,-2919000,None,8858000,80142000,34285000,None,None,None,85924000,104854000,45857000,EAF
