fiscalDateEnding,reportedCurrency,grossProfit,totalRevenue,costOfRevenue,costofGoodsAndServicesSold,operatingIncome,sellingGeneralAndAdministrative,researchAndDevelopment,operatingExpenses,investmentIncomeNet,netInterestIncome,interestIncome,interestExpense,nonInterestIncome,otherNonOperatingIncome,depreciation,depreciationAndAmortization,incomeBeforeTax,incomeTaxExpense,interestAndDebtExpense,netIncomeFromContinuingOperations,comprehensiveIncomeNetOfTax,ebit,ebitda,netIncome,ticker
2024-09-30,USD,161200000,293800000,132600000,122600000,64500000,76600000,13800000,241600000,None,-8300000,None,-6700000,64600000,21900000,10100000,16300000,142400000,27600000,8000000,114800000,113000000,64500000,152000000,114800000,EBS
2024-06-30,USD,-48000000,254700000,302700000,296100000,-203500000,85900000,32700000,584100000,None,-23600000,None,-12400000,-40000000,-2700000,12200000,16300000,-269800000,13300000,23600000,-283100000,-283100000,-203500000,-265900000,-283100000,EBS
2024-03-31,USD,147800000,300400000,152600000,144600000,39800000,84700000,15100000,345300000,None,-24300000,None,24300000,300000,-3400000,11700000,16200000,12100000,3100000,24000000,9000000,9200000,36400000,52600000,9000000,EBS
2023-12-31,USD,84800000,276600000,191800000,185100000,-43800000,89700000,29400000,412200000,None,-21700000,None,21700000,2500000,11000000,13400000,20200000,-54500000,-5000000,19200000,-49500000,-52600000,-32800000,-12600000,-49500000,EBS
2023-09-30,USD,87200000,270500000,183300000,176800000,-242100000,86000000,15300000,599300000,None,-19700000,None,19700000,-700000,-3400000,11700000,16300000,-265900000,-2500000,19700000,-263400000,-264400000,-246200000,-229900000,-263400000,EBS
2023-06-30,USD,140700000,337900000,197200000,190600000,-292900000,91400000,26000000,647300000,None,-28600000,28600000,28600000,74900000,-3600000,16800000,16100000,-250300000,11200000,28600000,-261300000,-264000000,-221700000,-205600000,-261400000,EBS
2023-03-31,USD,4900000,164300000,160800000,152900000,-147600000,101300000,40700000,413700000,None,-17900000,17900000,17900000,0,4900000,17600000,17000000,-164300000,25600000,17900000,-183000000,-188300000,-146400000,-129400000,-186200000,EBS
2022-12-31,USD,102600000,333600000,231000000,220500000,-55300000,93400000,47000000,-688700000,None,19300000,32100000,12800000,0,6700000,18000000,166800000,-49700000,5600000,-19300000,-55300000,-58700000,-55300000,97800000,-67000000,EBS
2022-09-30,USD,75300000,239900000,164600000,147200000,-45300000,81800000,42200000,362200000,None,-8500000,8500000,8500000,0,-13400000,20300000,14000000,-67200000,19900000,8500000,-75700000,-86200000,-58700000,-44700000,-87100000,EBS
2022-06-30,USD,65600000,242600000,177000000,169800000,-76300000,81100000,49800000,395800000,None,-7800000,7800000,7800000,0,-3000000,28500000,14000000,-79300000,-26400000,7800000,-56400000,-53200000,-71500000,-57500000,-52900000,EBS
2022-03-31,USD,142000000,304800000,162800000,155900000,6900000,84800000,46400000,385900000,None,-8200000,8200000,8200000,0,-2000000,16600000,14000000,-4700000,-100000,8200000,-3700000,3100000,3500000,17500000,-4600000,EBS
2021-12-31,USD,430000000,732900000,302900000,706600000,277400000,94500000,84200000,540000000,None,-9000000,9000000,9000000,None,-900000,15700000,143400000,267500000,78200000,9000000,732900000,184900000,276500000,419900000,189300000,EBS
2021-09-30,USD,94600000,286300000,191700000,-285600000,-34700000,82100000,49600000,445800000,None,-8400000,8400000,8400000,None,-2400000,14400000,14500000,-53200000,-12800000,8400000,-32700000,-33400000,-44800000,-30300000,-40400000,EBS
2021-06-30,USD,144300000,377400000,233100000,227800000,14500000,91200000,48900000,474200000,None,-8600000,8600000,8600000,397500000,1300000,18500000,15100000,2100000,2600000,8600000,4600000,6600000,10700000,25800000,-500000,EBS
2021-03-31,USD,222400000,377000000,154600000,99300000,95400000,80900000,52500000,328500000,None,-8500000,8500000,8500000,343000000,-1700000,13600000,14900000,82800000,15500000,8500000,69700000,70600000,91300000,106200000,67300000,EBS
2020-12-31,USD,608000000,583000000,385400000,181300000,258100000,82100000,59500000,407000000,None,-8700000,8700000,8700000,583000000,3400000,None,134000000,256800000,71400000,8700000,258100000,181800000,265500000,399500000,185400000,EBS
2020-09-30,USD,156200000,385200000,239500000,149000000,61300000,75500000,84400000,399400000,None,-7600000,7600000,7600000,385200000,1300000,None,15000000,55000000,15500000,7600000,39500000,40300000,62600000,77600000,39500000,EBS
2020-06-30,USD,167500000,388300000,220800000,129800000,126000000,76000000,47900000,344700000,None,-6400000,6400000,6400000,394700000,1100000,None,15000000,120700000,28000000,6400000,92700000,91700000,127100000,142100000,92700000,EBS
2020-03-31,USD,21400000,183900000,162500000,76900000,-11600000,69700000,42700000,273800000,None,-8600000,8600000,8600000,192500000,-1100000,None,15900000,-21300000,-8800000,8600000,-12500000,-23800000,-12700000,3200000,-12500000,EBS
2019-12-31,USD,77800000,389600000,342500000,132800000,77800000,72200000,62800000,282600000,None,-9100000,9100000,9100000,360400000,2900000,None,125500000,71500000,24600000,9100000,77800000,46100000,80600000,206100000,46900000,EBS
2019-09-30,USD,70700000,301500000,187700000,108000000,70700000,65000000,53400000,241100000,None,-10300000,10300000,10300000,311800000,-1500000,None,14700000,58900000,15700000,10300000,43200000,39100000,69200000,83900000,43200000,EBS
2019-06-30,USD,-7000000,233700000,186300000,100800000,-7000000,70800000,63900000,250200000,None,-9500000,9500000,9500000,243200000,1400000,None,14700000,-15100000,-5600000,9500000,-9500000,-10000000,-5600000,9100000,-9500000,EBS
2019-03-31,USD,-27400000,181000000,171700000,91800000,-27400000,65400000,46100000,217800000,None,-9600000,9600000,9600000,190600000,-1000000,None,14500000,-37900000,-11800000,9600000,-26000000,-25000000,-28300000,-13800000,-26100000,EBS
2018-12-31,USD,11200000,270700000,258036000,113500000,11200000,80700000,52000000,259500000,None,-8016000,84000,8100000,270700000,400000,None,75500000,3600000,7000000,8016000,-3400000,-4300000,11700000,87200000,-3400000,EBS
2018-09-30,USD,21300000,173011000,119237000,69300000,21300000,42100000,37000000,152300000,701000,-642000,-42000,600000,173653000,800000,None,3900000,21500000,600000,642000,20945000,20700000,22100000,26000000,20900000,EBS
2018-06-30,USD,66800000,219192000,132579000,85300000,66800000,39500000,24700000,153400000,306000,-1008000,-8000,1000000,220200000,0,None,3900000,65800000,15700000,1008000,50144000,48900000,66800000,70700000,50100000,EBS
2018-03-31,USD,-9500000,235394000,102194000,54300000,-9500000,40000000,29100000,127300000,222000,-234000,-34000,200000,117814000,300000,None,3912000,-9400000,-4500000,234000,-4908000,-4400000,-9200000,-5288000,-4900000,EBS
2017-12-31,USD,53100000,193809000,160651000,62251000,53092000,41379000,28514000,261530000,160000,-856000,10000,866000,193800000,1287000,None,46481000,51920000,17972000,1256000,33942000,34032000,52786000,99267000,33948000,EBS
2017-09-30,USD,47800000,147843000,80561000,44503000,47769000,34503000,22659000,58717000,637000,-1991000,None,1991000,400000,-101000,None,1555000,46314000,12763000,1591000,33551000,33255000,48305000,49860000,33551000,EBS
2017-06-30,USD,8500000,98967000,68047000,34624000,8529000,31868000,25751000,59174000,583000,-1805000,None,1805000,100772000,-586000,None,1555000,6721000,2105000,1805000,4616000,4844000,8526000,10081000,4616000,EBS
2017-03-31,USD,14900000,114920000,83026000,46322000,14910000,35150000,20476000,57180000,373000,-1938000,None,1938000,116900000,300000,None,1554000,13645000,3160000,1938000,10485000,11069000,15583000,17137000,10485000,EBS
2016-12-31,USD,50929000,151663000,115923000,33275000,50907000,34772000,25727000,184713000,289000,-2535000,-17000,2518000,None,1476000,None,39785000,54255000,16839000,2535000,32289000,37392000,56773000,96558000,37416000,EBS
2016-09-30,USD,35478000,140865000,81899000,39560000,35478000,40688000,27188000,69527000,358000,-2049000,None,2049000,None,-234000,None,1651000,34505000,13165000,2049000,20388000,20848000,36554000,38205000,21340000,EBS
2016-06-30,USD,-2042000,99978000,82125000,35612000,-2042000,35925000,27893000,81860000,220000,-1509000,1000,1510000,None,24000,None,2365000,-12214000,-1267000,1509000,-10947000,-9875000,-10704000,-8339000,-10947000,EBS
2016-03-31,USD,21157000,111002000,89845000,28503000,21157000,31713000,26093000,76302000,186000,-1524000,None,1524000,None,35000,None,2364000,11956000,7965000,1524000,3991000,2552000,13480000,15844000,3991000,EBS
2015-12-31,USD,65146000,168104000,102958000,39770000,49892000,34882000,25353000,120768000,113000,-1600000,None,1600000,None,-516000,None,37698000,53999000,20652000,1600000,49892000,49892000,55599000,93297000,33347000,EBS
2015-09-30,USD,63159000,164940000,101781000,38511000,63159000,25800000,34179000,75789000,104000,-1635000,None,1635000,None,519000,None,2365000,57002000,20059000,1635000,36942000,36447000,58637000,61002000,36943000,EBS
2015-06-30,USD,35104000,126112000,91008000,27266000,21452000,36453000,40941000,79786000,273000,-1628000,None,1628000,None,-497000,None,2392000,19600000,5500000,1628000,14100000,13685000,21228000,23620000,14100000,EBS
2015-03-31,USD,-21895000,63633000,85528000,18748000,-28310000,34493000,38702000,71053000,82000,-1661000,None,1661000,None,100000,None,-2142000,-29789000,-8269000,1661000,-21520000,-21754000,-28128000,-30270000,-21520000,EBS
2014-12-31,USD,147975000,147975000,88839000,32485000,44620000,17658000,-7143000,95319000,190000,-1174000,None,1174000,None,672000,None,18365000,57915000,27799000,1174000,44620000,44620000,59089000,77454000,30116000,EBS
2014-09-30,USD,81323000,137954000,56631000,32423000,31032000,30292000,44207000,68415000,59000,-1810000,None,1810000,None,420000,None,-6084000,29701000,7869000,1810000,21832000,21273000,31511000,25427000,21832000,EBS
2014-06-30,USD,49133000,110325000,61192000,34507000,7862000,30555000,37401000,64086000,31000,-1721000,None,1721000,None,1322000,None,-3870000,7494000,2465000,1721000,5029000,5168000,9215000,5345000,5029000,EBS
2014-03-31,USD,6418000,53884000,47466000,18997000,-25458000,30089000,30256000,62260000,40000,-3535000,None,3535000,None,512000,None,-1620000,-28441000,-8205000,3535000,-20236000,-40398000,-24906000,-26526000,-20236000,EBS
2013-12-31,USD,98107000,98107000,46020000,19421000,23293000,25399000,29994000,56579000,18000,14000,None,-14000,None,333000,None,5411000,23663000,8441000,-14000,23293000,15222000,23649000,23658000,15222000,EBS
2013-09-30,USD,47084000,89102000,42018000,20063000,18147000,21955000,28937000,50892000,88000,0,None,0,None,58000,None,5175000,18293000,4802000,0,13491000,26993000,18293000,23468000,13491000,EBS
2013-06-30,USD,44990000,82436000,37446000,16945000,14712000,20501000,30278000,50782000,10000,-3000,None,3000,None,18000,None,4209000,14865000,4381000,3000,10356000,21214000,14868000,14740000,10484000,EBS
2013-03-31,USD,15534000,43100000,27566000,5698000,-13350000,20028000,30724000,52603000,23000,-11000,None,11000,None,17000,None,4163000,-12578000,-4516000,11000,-8805000,-15754000,-12567000,-9147000,-8062000,EBS
2012-12-31,USD,94606000,94606000,37726000,15150000,24035000,19476000,35945000,69642000,31000,-6000,None,6000,None,225000,None,3518000,25387000,9283000,6000,24035000,16104000,25393000,24288000,16104000,EBS
2012-09-30,USD,37207000,66592000,29385000,10230000,9817000,19155000,27390000,46545000,55000,0,None,0,None,-16000,None,2770000,10853000,4236000,0,5620000,12582000,10853000,12642000,6617000,EBS
2012-06-30,USD,39298000,70379000,31081000,13186000,8653000,17895000,30645000,48540000,29000,0,None,0,None,907000,None,2536000,11675000,4043000,0,5546000,15244000,11675000,11218000,7632000,EBS
2012-03-31,USD,13724000,50311000,36603000,7511000,-12538000,19492000,26246000,55322000,25000,-3000,None,3000,19000,854000,None,2373000,-10469000,-3640000,3000,-8022000,-6745000,-10466000,-540000,-6829000,EBS
2011-12-31,USD,107948000,107948000,32882000,14328000,45990000,18254000,29376000,48322000,24000,0,None,0,None,-252000,None,2429000,47519000,18862000,0,45990000,28657000,47519000,48443000,28657000,EBS
2011-09-30,USD,30624000,58762000,28138000,10706000,1408000,17432000,29216000,46648000,22000,0,None,0,None,37000,None,2412000,3153000,1604000,0,-137000,1549000,3153000,1430000,1549000,EBS
2011-06-30,USD,51682000,88141000,36453000,16069000,20207000,20384000,31481000,51871000,24000,-6000,None,6000,None,-39000,None,2279000,21873000,7663000,6000,12523000,14210000,21879000,22510000,14210000,EBS
2011-03-31,USD,17465000,18533000,1068000,1068000,-35506000,18212000,34759000,52971000,None,None,None,0,None,-1000,None,2235000,-33696000,-12299000,None,None,None,-33696000,-33236000,-21397000,EBS
2010-12-31,USD,86249000,103247000,16998000,16998000,34963000,21671000,29615000,51286000,None,None,None,0,None,-11000,None,1970000,37341000,11094000,None,None,None,37341000,36963000,26247000,EBS
2010-09-30,USD,62454000,73986000,11532000,11532000,20605000,20693000,21156000,41849000,None,None,None,0,None,-1003000,None,1374000,20816000,7696000,None,None,None,20816000,22017000,13120000,EBS
2010-06-30,USD,51062000,62138000,11076000,11076000,14811000,17649000,18602000,36251000,None,None,None,2000,None,6000,None,1350000,15565000,5757000,None,None,None,15567000,15187000,9808000,EBS
