fiscalDateEnding,reportedCurrency,grossProfit,totalRevenue,costOfRevenue,costofGoodsAndServicesSold,operatingIncome,sellingGeneralAndAdministrative,researchAndDevelopment,operatingExpenses,investmentIncomeNet,netInterestIncome,interestIncome,interestExpense,nonInterestIncome,otherNonOperatingIncome,depreciation,depreciationAndAmortization,incomeBeforeTax,incomeTaxExpense,interestAndDebtExpense,netIncomeFromContinuingOperations,comprehensiveIncomeNetOfTax,ebit,ebitda,netIncome,ticker
2024-12-31,USD,763500000,1047300000,283800000,640800000,122700000,83400000,None,924600000,5700000,-15600000,5700000,21300000,-35500000,4300000,None,32500000,75800000,30600000,21300000,45300000,-104400000,122700000,155200000,45200000,EEFT
2024-09-30,USD,816200000,1099300000,283100000,803600000,182200000,80600000,None,917100000,6500000,-17700000,6500000,24200000,27400000,16500000,None,32900000,208300000,56800000,24200000,151600000,239000000,182200000,215100000,151500000,EEFT
2024-06-30,USD,715100000,986200000,271100000,772500000,134300000,79400000,None,851900000,5900000,-14200000,5900000,20100000,1500000,800000,None,33700000,122300000,39200000,20100000,83200000,73300000,134300000,168000000,83100000,EEFT
2024-03-31,USD,597700000,857000000,259300000,721100000,64000000,71900000,None,793000000,5700000,-14900000,5700000,14900000,-12500000,-100000,None,32700000,42200000,16000000,14900000,26200000,-18800000,57100000,89800000,26200000,EEFT
2023-12-31,USD,693800000,957700000,263900000,787900000,97400000,72400000,None,860300000,5100000,-16500000,5100000,16500000,11600000,300000,None,33500000,97700000,28400000,16500000,69500000,147900000,114200000,147700000,69300000,EEFT
2023-09-30,USD,743700000,1004000000,260300000,730300000,167000000,73900000,None,837000000,4000000,-15000000,4000000,15000000,-8800000,0,None,32800000,147200000,43000000,15000000,104200000,43100000,162200000,195000000,104200000,EEFT
2023-06-30,USD,680700000,939100000,258400000,558100000,122600000,75300000,None,816500000,3500000,-14000000,3500000,14000000,6300000,-100000,None,33700000,118400000,32300000,14000000,86000000,95900000,132400000,166100000,86100000,EEFT
2023-03-31,USD,537200000,787200000,250000000,491600000,45600000,75200000,None,741600000,2600000,-10100000,2600000,10100000,-1100000,0,None,32900000,37300000,17200000,10100000,19800000,40700000,47400000,80300000,20100000,EEFT
2022-12-31,USD,612365000,865641000,253334000,533264000,79039000,77573000,None,786602000,1076000,-10873000,112000,10985000,7783000,750000,None,34064000,77647000,9953000,10873000,67866000,199747000,88632000,122696000,67694000,EEFT
2022-09-30,USD,694506000,931300000,236760000,660400000,168500000,69600000,None,762800000,600000,-11716000,-16000,11700000,-15798000,10000,None,32800000,141800000,44000000,11716000,97552000,-3200000,153500000,186300000,97800000,EEFT
2022-06-30,USD,601739000,843300000,241570000,500700000,101100000,74200000,None,742200000,245000,-8862000,-62000,8800000,-14698000,0,None,36000000,78000000,20700000,8862000,57034000,-31500000,86800000,122800000,57300000,EEFT
2022-03-31,USD,494856000,718500000,223611000,458200000,36700000,63800000,None,681800000,145000,-6134000,-34000,6100000,-5462000,200000,None,33000000,25400000,17200000,6134000,8290000,-12900000,31500000,64500000,8200000,EEFT
2021-12-31,USD,573983000,811527000,237544000,510497000,28952000,69740000,None,782575000,125000,-9480000,100000,9480000,1185000,28000,None,35025000,20823000,23948000,9480000,-3138000,-21659000,30303000,65328000,-3125000,EEFT
2021-09-30,USD,594932000,816560000,221628000,484438000,114494000,64298000,None,702066000,153000,-10072000,200000,10072000,-8135000,0,None,33909000,96608000,22726000,10072000,73714000,44218000,106680000,140589000,73882000,EEFT
2021-06-30,USD,496937000,714686000,217749000,470816000,30121000,59119000,None,684565000,204000,-9457000,200000,9457000,116000,0,None,33559000,20987000,12352000,9457000,8632000,21310000,30444000,64003000,8635000,EEFT
2021-03-31,USD,444965000,652670000,207705000,434516000,10449000,58776000,None,642221000,182000,-9189000,200000,9189000,-4032000,31000,None,33261000,-2603000,6062000,9189000,-8621000,-51510000,6586000,39847000,-8665000,EEFT
2020-12-31,USD,706639000,706639000,-188681000,459634000,50219000,52281000,None,-596279000,173000,-9010000,200000,9010000,13923000,141000,None,33551000,55287000,-14948000,9010000,50219000,121604000,64297000,97848000,70235000,EEFT
2020-09-30,USD,473670000,664351000,190681000,407598000,66072000,55225000,None,598279000,139000,-9477000,139000,9477000,-1368000,0,None,32412000,55300000,15051000,9477000,40315000,87188000,64777000,97189000,40249000,EEFT
2020-06-30,USD,-101271000,527803000,629074000,350011000,-101271000,53315000,None,629074000,161000,-8884000,161000,8884000,2495000,697000,None,30242000,-106873000,8931000,8884000,-115733000,-83659000,-97989000,-67747000,-115804000,EEFT
2020-03-31,USD,31602000,583907000,552305000,359456000,31602000,60793000,None,552305000,567000,-9233000,567000,9233000,-18806000,31000,None,30816000,4362000,2441000,9233000,1720000,-57856000,13595000,44411000,1921000,EEFT
2019-12-31,USD,693747000,693747000,586534000,403758000,107213000,51240000,None,586534000,545000,-8916000,545000,8916000,20412000,-9816000,None,29491000,109314000,2868000,-915000,107213000,153409000,118230000,147721000,106446000,EEFT
2019-09-30,USD,193990000,786986000,592996000,405081000,193990000,58715000,None,592996000,568000,-9093000,568000,9093000,-10967000,0,None,27846000,174564000,36957000,9093000,137541000,80804000,183657000,211503000,137607000,EEFT
2019-06-30,USD,117897000,691867000,573970000,393811000,117897000,53842000,None,573970000,513000,-10029000,513000,10029000,-9024000,-29000,None,27767000,99476000,31323000,18932000,68005000,80302000,109505000,137272000,68153000,EEFT
2019-03-31,USD,142970000,577509000,428620000,353833000,56094000,48147000,None,521415000,343000,-8199000,4648000,8199000,2280000,25000,None,26640000,50507000,15964000,9127000,34579000,18416000,58706000,85346000,34543000,EEFT
2018-12-31,USD,649385000,649385000,488329000,395334000,71160000,58651000,None,1941833000,320000,-8637000,None,8637000,-5196000,1000,None,27295000,57745000,-2246000,8637000,71160000,43554000,66382000,93677000,59991000,EEFT
2018-09-30,USD,230048000,714505000,470484000,388236000,150913000,55787000,None,82248000,288000,-11269000,None,11269000,-2704000,-34000,None,26461000,137660000,34937000,11269000,102257000,98124000,148929000,175390000,102723000,EEFT
2018-06-30,USD,151341000,622224000,440132000,361512000,90369000,52357000,None,78620000,416000,-10061000,None,10061000,-20690000,29000,None,26263000,60151000,16427000,10061000,43636000,-14717000,70212000,96475000,43724000,EEFT
2018-03-31,USD,125507000,550515000,419337000,343324000,45472000,50011000,None,76013000,296000,-7606000,None,7606000,1935000,31000,None,26002000,40080000,13667000,7606000,26344000,49307000,47686000,73688000,26413000,EEFT
2017-12-31,USD,604645000,608668000,485356000,377482000,41119000,50594000,7600000,107874000,434000,-7513000,None,7513000,-735000,83000,None,25510000,33332000,56265000,7513000,41119000,-3868000,40845000,66355000,-22933000,EEFT
2017-09-30,USD,197680000,636479000,438799000,364815000,116901000,49279000,None,73984000,380000,-9534000,None,9534000,8179000,0,None,24705000,115863000,15573000,9534000,100353000,126943000,125397000,150102000,100290000,EEFT
2017-06-30,USD,148076000,539328000,391252000,317346000,66691000,48442000,None,73906000,459000,-8376000,None,8376000,11141000,18000,None,23178000,69951000,18586000,8376000,51347000,102455000,78327000,101505000,51365000,EEFT
2017-03-31,USD,107716000,467947000,360231000,296607000,41286000,41987000,None,63624000,1170000,-7148000,None,7148000,1715000,17000,None,21637000,37094000,8971000,7148000,28069000,47519000,44242000,65879000,28123000,EEFT
2016-12-31,USD,519829000,519829000,386277000,321001000,58106000,43670000,5400000,65276000,452000,-7364000,None,7364000,-8901000,53000,None,21606000,42602000,13691000,7364000,58106000,-29698000,49966000,71572000,28911000,EEFT
2016-09-30,USD,153116000,514774000,361658000,300159000,90468000,41379000,None,61499000,349000,-7724000,None,7724000,-1527000,0,None,20120000,81517000,20784000,7724000,60782000,67567000,89241000,109361000,60733000,EEFT
2016-06-30,USD,124246000,467965000,343719000,281759000,59310000,42445000,None,61960000,443000,-6958000,None,6958000,-1944000,19903000,None,19515000,70854000,15177000,6958000,55577000,27683000,77812000,97327000,55677000,EEFT
2016-03-31,USD,105012000,433780000,328768000,271626000,41889000,37854000,None,57142000,452000,-6286000,None,6286000,2172000,0,None,19288000,38237000,9143000,6286000,29084000,63843000,44523000,63811000,29094000,EEFT
2015-12-31,USD,470579000,470579000,348351000,290100000,55224000,40012000,2600000,58251000,528000,-6332000,None,6332000,-7352000,0,None,18239000,42033000,8546000,6332000,55224000,21035000,48365000,66604000,33487000,EEFT
2015-09-30,USD,114644000,458673000,344029000,282313000,70274000,43723000,None,61716000,539000,-6690000,None,6690000,-16010000,-73000,None,17993000,48050000,16716000,6690000,31324000,11005000,54740000,72733000,31334000,EEFT
2015-06-30,USD,100742000,413950000,313208000,258079000,47180000,38616000,None,55129000,494000,-6094000,None,6094000,-5104000,388000,None,16513000,37152000,10343000,6094000,26521000,47160000,43246000,59759000,26809000,EEFT
2015-03-31,USD,73841000,376512000,302671000,251357000,32163000,34034000,None,51314000,609000,-5698000,None,5698000,-12952000,0,None,17280000,14175000,6997000,5698000,7125000,-47998000,19873000,37153000,7178000,EEFT
2014-12-31,USD,461951000,461951000,347771000,289690000,49489000,39445000,2900000,60981000,593000,-4854000,None,4854000,-579000,-1801000,None,18636000,42841000,12754000,4854000,49489000,-3301000,47695000,66331000,30087000,EEFT
2014-09-30,USD,111562000,449665000,338103000,274814000,50732000,43968000,None,63289000,797000,-3046000,None,3046000,-711000,0,None,19321000,47867000,12830000,3046000,34909000,-26391000,50913000,70234000,35037000,EEFT
2014-06-30,USD,88967000,389933000,300966000,242637000,34128000,40981000,None,58329000,627000,-2442000,None,2442000,-3087000,0,None,17348000,29209000,8707000,2442000,20488000,24651000,31651000,48999000,20502000,EEFT
2014-03-31,USD,74699000,350058000,275359000,226338000,24382000,32871000,None,104583000,532000,-1988000,None,1988000,-1269000,0,None,16150000,21746000,5724000,1988000,15933000,19220000,23734000,39884000,16022000,EEFT
2013-12-31,USD,375402000,375402000,304348000,235995000,16108000,33713000,5627000,184293000,560000,-1767000,None,1767000,-3274000,1000,None,16215000,15242000,5247000,1767000,16108000,16712000,17009000,33224000,9995000,EEFT
2013-09-30,USD,88806000,360541000,271735000,223551000,55345000,33254000,None,103941000,527000,-2938000,None,2938000,2899000,2809000,None,14930000,58542000,10668000,2938000,47974000,69839000,61480000,76410000,47874000,EEFT
2013-06-30,USD,78437000,340428000,261991000,214295000,27800000,31457000,None,102023000,417000,-2575000,None,2575000,1460000,-412000,None,16239000,26772000,8661000,2575000,18165000,7130000,29347000,45586000,18111000,EEFT
2013-03-31,USD,63325000,331084000,267759000,219087000,19158000,31003000,None,100258000,494000,-2859000,None,2859000,-1701000,0,None,17669000,15162000,3156000,2859000,12060000,-5081000,18021000,35690000,12006000,EEFT
2012-12-31,USD,351246000,351246000,274961000,225094000,-1886000,33837000,4375000,154750000,500000,-3111000,None,3111000,-203000,0,None,16030000,-3458000,9556000,3111000,-1886000,-4084000,-347000,15683000,-13014000,EEFT
2012-09-30,USD,65740000,312352000,246612000,200378000,24195000,30071000,None,97206000,877000,-5483000,None,5483000,1479000,-25000,None,16163000,21457000,6827000,5483000,14341000,25140000,26940000,43103000,14630000,EEFT
2012-06-30,USD,55622000,293336000,237714000,192589000,19854000,29027000,None,93983000,1306000,-5579000,None,5579000,-3462000,-154000,None,16098000,10934000,5187000,5579000,5726000,-21210000,16513000,32611000,5747000,EEFT
2012-03-31,USD,56238000,293752000,237514000,193998000,15842000,27640000,None,92288000,1310000,-5480000,None,5480000,1610000,4325000,None,15876000,18539000,5367000,5480000,13098000,31589000,24019000,39895000,13172000,EEFT
2011-12-31,USD,319382000,319382000,251992000,203919000,22998000,32163000,1100000,20000,1417000,-5699000,None,5699000,-20000,1000000,None,15910000,16239000,5271000,5699000,22998000,249000,21938000,37848000,10968000,EEFT
2011-09-30,USD,45782000,281198000,235416000,190534000,20122000,30058000,None,95306000,1745000,-5180000,None,5180000,-13129000,0,None,14824000,3303000,6483000,7079000,-2925000,-49399000,8483000,23307000,-3180000,EEFT
2011-06-30,USD,60432000,277676000,217244000,175392000,18800000,27073000,None,91388000,1472000,-5171000,None,5171000,3045000,-1000000,None,14779000,18714000,6825000,5171000,25944000,24300000,23885000,38664000,11889000,EEFT
2011-03-31,USD,58502000,266543000,208041000,170884000,17217000,23213000,None,78827000,1115000,-5335000,None,5335000,9285000,11874000,None,14944000,23409000,6125000,5335000,30355000,35281000,28744000,43688000,17284000,EEFT
2010-12-31,USD,-70900000,284946000,70900000,181435000,-49764000,28355000,1400000,70900000,1279000,-5388000,None,5388000,1131000,None,None,15107000,-54966000,5714000,5388000,-141800000,-63400000,-49578000,-34471000,-60680000,EEFT
2010-09-30,USD,62261000,264105000,201844000,167439000,20262000,23226000,None,74486000,831000,-5074000,None,5074000,8956000,12931000,None,14289000,28019000,7054000,5074000,21065000,70740000,33093000,47382000,20965000,EEFT
2010-06-30,USD,33618000,229856000,196238000,160836000,16542000,21850000,None,71881000,572000,-5031000,None,5031000,-9341000,-8322000,None,13552000,-5827000,-4344000,5031000,-1155000,-42406000,-796000,12756000,-1483000,EEFT
2010-03-31,USD,84100000,250000000,165900000,165861000,18229000,19193000,None,65900000,None,None,None,4954000,None,None,None,14548000,-2961000,-5787000,None,None,-18750000,1993000,16541000,2826000,EEFT
2009-12-31,USD,99287000,285563000,186276000,186276000,22458000,26657000,2000000,76829000,None,None,None,5954000,None,None,None,15139000,14218000,6012000,None,None,3793000,20172000,35311000,8206000,EEFT
2009-09-30,USD,91300000,264800000,173500000,173493000,22085000,20069000,None,69200000,None,None,None,6042000,None,None,None,14440000,26975000,8110000,None,None,33315000,33017000,47457000,18865000,EEFT
2009-06-30,USD,83500000,248600000,165100000,165053000,18024000,20911000,None,65500000,None,None,None,6653000,None,None,None,13541000,21941000,6397000,None,None,56088000,28594000,42135000,15544000,EEFT
