fiscalDateEnding,reportedCurrency,grossProfit,totalRevenue,costOfRevenue,costofGoodsAndServicesSold,operatingIncome,sellingGeneralAndAdministrative,researchAndDevelopment,operatingExpenses,investmentIncomeNet,netInterestIncome,interestIncome,interestExpense,nonInterestIncome,otherNonOperatingIncome,depreciation,depreciationAndAmortization,incomeBeforeTax,incomeTaxExpense,interestAndDebtExpense,netIncomeFromContinuingOperations,comprehensiveIncomeNetOfTax,ebit,ebitda,netIncome,ticker
2024-09-30,USD,202949000,2551292000,1164211000,1072561000,104298000,91650000,None,90108000,7513000,-392000,7513000,7905000,2551292000,874000,None,33815000,104420000,25469000,7633000,83977000,79118000,104298000,151166000,78951000,GVA
2024-06-30,USD,164711000,2137148000,987827000,917775000,85821000,70052000,None,68665000,3600000,-1737000,3600000,5337000,2137148000,-1267000,None,29400000,57588000,20693000,27824000,38857000,35875000,62925000,113834000,36895000,GVA
2024-03-31,USD,54285000,1337885000,705983000,617990000,-43300000,87993000,None,86575000,6702000,-8083000,6702000,8083000,1345968000,1743000,None,29068000,-40509000,-9526000,8083000,-29442000,-30574000,-32426000,-1817000,-30983000,GVA
2023-12-31,USD,94311000,1881386000,996982000,839387000,20633000,81987000,None,117042000,6251000,-6563000,6251000,6563000,1887949000,3307000,None,27144000,34287000,8289000,6563000,21709000,25985000,40850000,63705000,25998000,GVA
2023-09-30,USD,166643000,2228763000,1029471000,950177000,73818000,74794000,None,77482000,4293000,-4877000,4293000,4877000,2233640000,-462000,None,23770000,80047000,22423000,4877000,57496000,57723000,84924000,106754000,57624000,GVA
2023-06-30,USD,103086000,1741921000,860029000,795466000,28860000,64563000,None,72619000,3232000,-4131000,6145000,4131000,1746052000,1225000,None,122085,-7976000,9024000,55183000,-23846000,-16858000,-3845000,58212000,-17000000,GVA
2023-03-31,USD,32359000,1119282000,616708000,527709000,-43249000,73122000,None,86962000,3762000,-2891000,3762000,2891000,1122173000,1950000,None,15877000,-32492000,-9469000,2891000,-25772000,-23158000,-29601000,-13724000,-23023000,GVA
2022-12-31,USD,96781000,789213000,794196000,692432000,16643000,80574000,None,96448000,3282000,-2621000,3282000,2621000,789213000,-5685000,None,16678000,27702000,5650000,2621000,96781000,22305000,30323000,47001000,22052000,GVA
2022-09-30,USD,115055000,2017093000,968186000,893855000,54699000,61795000,None,77798000,1894000,-2519000,2866000,2519000,2019612000,77000,None,16952000,61592000,-7710000,2519000,69289000,67449000,64111000,81063000,69302000,GVA
2022-06-30,USD,97566000,1532676000,755367000,751681000,29748000,60121000,None,65176000,782000,-3896000,3000,3899000,1536572000,-3261000,None,12399000,27349000,8668000,3896000,18681000,19496000,31248000,43647000,18681000,GVA
2022-03-31,USD,60092000,1092195000,570439000,593794000,-15709000,70120000,None,72296000,623000,-3575000,10000,3585000,1095770000,-1308000,None,14127000,-20381000,6352000,3575000,-26733000,-21801000,-16796000,-2669000,-26733000,GVA
2021-12-31,USD,62446000,683196000,253879000,743205000,-1883000,75615000,None,-115035000,441000,-4263000,457000,4720000,683196000,1368000,None,24741000,4432000,17645000,4263000,6814000,-13103000,9152000,33893000,-13213000,GVA
2021-09-30,USD,119935000,2119127000,1045041000,942194000,43732000,77603000,None,97688000,293000,-5131000,293000,5131000,2124258000,-106000,None,25244000,43947000,8904000,5131000,31023000,34326000,49078000,74322000,35043000,GVA
2021-06-30,USD,116946000,1922837000,946543000,736439000,34788000,58628000,None,67681000,188000,-5507000,-5000,5502000,1928344000,1800000,None,15210000,62171000,7710000,5507000,24859000,55425000,67673000,82883000,54461000,GVA
2021-03-31,USD,63318000,1336999000,704326000,512620000,-79513000,61161000,None,161177000,256000,-5381000,-9000,5372000,1342380000,226000,None,11955000,-87952000,-21757000,5381000,-63273000,-64876000,-82580000,-70625000,-66195000,GVA
2020-12-31,USD,93319000,830390000,1042946000,838923000,7977000,92156000,None,201963000,283000,-6298000,283000,6298000,830390000,4295000,None,25338000,12948000,4938000,6298000,4836000,8977000,19246000,44584000,8010000,GVA
2020-09-30,USD,113015000,2124019000,1154047000,939192000,-85801000,72889000,None,211798000,755000,-6359000,755000,6359000,2130378000,1967000,None,24692000,-79890000,11272000,6359000,39860000,-91364000,-73531000,-48839000,-91162000,GVA
2020-06-30,USD,81048000,1824993000,919110000,827428000,-2149000,78023000,None,90492000,767000,-6549000,767000,6549000,1831542000,3160000,None,26175000,1623000,-1782000,6549000,8023000,4143000,8172000,34347000,3405000,GVA
2020-03-31,USD,17271000,1267483000,714922000,612128000,-78372000,73216000,None,102171000,1291000,-4994000,1291000,4994000,1272477000,-5219000,None,25946000,-80080000,-14710000,4994000,-33437000,-69263000,-75086000,-49140000,-65370000,GVA
2019-12-31,USD,51224000,885587000,909462000,335527000,12232000,13570000,None,98712000,1176000,-5363000,-322000,5041000,885587000,2911000,None,123418,-20152000,-772000,5363000,71704000,-18717000,-15111000,332532,-19380000,GVA
2019-09-30,USD,122558000,2178482000,1072846000,989556000,53491000,73424000,None,69067000,1713000,-4839000,1713000,4839000,2183321000,-127000,None,44646,57648000,11747000,4839000,21913000,44790000,62487000,56822000,45901000,GVA
2019-06-30,USD,46758000,1579857000,921119000,819334000,-28482000,70998000,None,74240000,1728000,-4158000,1728000,4158000,1584015000,759000,None,40963,-30155000,-5913000,4158000,-93961000,-25358000,-25997000,-117321000,-24242000,GVA
2019-03-31,USD,1138000,1237488000,663801000,580675000,-78965000,80155000,None,82578000,2816000,-4014000,92000,4014000,1241502000,1762000,None,40374,-79820000,-17350000,4014000,-31081000,-34451000,-75806000,-5963000,-62470000,GVA
2018-12-31,USD,30491000,892325000,889268000,807245000,-40626000,79439000,None,102386000,1855000,-4481000,1218000,4481000,892325000,-539000,None,93826000,-63241000,-10565000,4481000,108049000,-37874000,-58760000,35066000,-52676000,GVA
2018-09-30,USD,160661000,2109748000,995403000,910238000,83576000,70769000,None,81285000,1533000,-4452000,1150000,4452000,2114200000,1533000,None,4200000,80534000,12698000,4452000,59097000,56491000,84986000,89186000,67836000,GVA
2018-06-30,USD,99424000,1612540000,817053000,728889000,13925000,60717000,None,88798000,1173000,-3203000,None,3203000,1615743000,940000,None,2700000,13465000,7599000,3203000,-6081000,-8558000,16668000,19368000,5866000,GVA
2018-03-31,USD,44264000,1124866000,576757000,507432000,-25453000,61851000,None,69118000,1521000,-2435000,None,2435000,563922000,-268000,None,0,-27572000,-7128000,2435000,-9662000,-10860000,-25137000,-25137000,-20444000,GVA
2017-12-31,USD,100707000,801274000,761036000,705420000,8193000,57674000,None,59117000,1386000,-2703000,None,2703000,801274000,1878000,None,17823000,41746000,8973000,2703000,100707000,-1815000,44449000,47103000,32773000,GVA
2017-09-30,USD,114530000,956219000,892097000,842596000,66782000,49501000,None,47748000,1141000,-2660000,None,2660000,1753000,1309000,None,17374000,67231000,21249000,2660000,48055000,46151000,69891000,87585000,45982000,GVA
2017-06-30,USD,74570000,761026000,739731000,688343000,23989000,51388000,None,50581000,1164000,-2694000,None,2694000,807000,642000,None,16499000,22221000,8088000,2694000,16272000,14461000,24915000,42746000,14133000,GVA
2017-03-31,USD,25126000,465927000,505111000,443274000,-36441000,61837000,None,61567000,1051000,-2743000,None,2743000,270000,870000,None,14649000,-36286000,-12496000,2743000,-23851000,-23676000,-33543000,-19225000,-23790000,GVA
2016-12-31,USD,81250000,666681000,-1000000,585431000,28902000,58342000,None,-1000000,801000,-3096000,None,3096000,5994000,685000,None,17738000,26795000,10622000,3096000,82250000,17326000,29891000,42801000,16173000,GVA
2016-09-30,USD,107674000,801269000,750425000,696231000,53878000,54194000,None,53796000,790000,-3034000,None,3034000,398000,732000,None,17135000,53807000,16617000,3034000,38087000,37478000,56841000,74561000,37190000,GVA
2016-06-30,USD,73201000,602758000,580083000,531378000,25862000,48705000,None,47339000,798000,-3187000,None,3187000,1366000,3183000,None,15766000,23046000,8847000,3187000,18457000,13957000,26233000,44960000,14199000,GVA
2016-03-31,USD,39245000,437003000,456340000,400207000,-16288000,56133000,None,55533000,836000,-3049000,None,3049000,600000,1372000,None,13736000,-16364000,-5924000,3049000,-10510000,-10510000,-13315000,498000,-10440000,GVA
2015-12-31,USD,100624000,630162000,583123000,529538000,52817000,60006000,None,43348000,574000,-3291000,None,3291000,6196000,622000,None,600000,45704000,17031000,3291000,102008000,28270000,48995000,49595000,28673000,GVA
2015-09-30,USD,96083000,748695000,701055000,655293000,51625000,45262000,None,49773000,591000,-3485000,None,3485000,804000,-27000,None,500000,48438000,17679000,3485000,32180000,30486000,51923000,52423000,30759000,GVA
2015-06-30,USD,64200000,573702000,553068000,505042000,17149000,47526000,None,49119000,-528000,3985000,None,3985000,475000,152000,None,500000,14588000,4975000,-3985000,9539000,9746000,18573000,19073000,9613000,GVA
2015-03-31,USD,38929000,424556000,432943000,381320000,-11283000,51023000,None,51992000,-442000,3496000,None,3496000,811000,1284000,None,600000,-13066000,-4506000,-3496000,-8610000,-9089000,-9570000,-8970000,-8560000,GVA
2014-12-31,USD,73726000,589789000,562933000,520563000,35425000,45525000,None,43854000,-3215000,24585000,None,3733000,9081000,1433000,None,500000,28396000,11420000,-24585000,79791000,16543000,32129000,32629000,16976000,GVA
2014-09-30,USD,66292000,720280000,701058000,653072000,22310000,47386000,None,44982000,451000,-2488000,None,2488000,3004000,-1196000,None,600000,21363000,6081000,2488000,14105000,15282000,23851000,24451000,15282000,GVA
2014-06-30,USD,80729000,584524000,555153000,503455000,34310000,51098000,None,53044000,413000,-4339000,None,-4339000,2993000,-1697000,None,600000,23925000,10284000,4339000,22207000,13641000,19586000,20186000,13641000,GVA
2014-03-31,USD,21499000,377142000,408286000,358439000,-26945000,49247000,None,52552000,479000,-3599000,None,-3599000,894000,51000,None,600000,-28617000,-8064000,3599000,-21261000,-20553000,-32216000,-31616000,-20553000,GVA
2013-12-31,USD,49751000,598099000,3200000,556434000,-48381000,42383000,None,3200000,675000,-3305000,None,3305000,4477000,330000,None,-37273000,-45294000,-16396000,3305000,46551000,-28898000,-41989000,-79262000,-28898000,GVA
2013-09-30,USD,55860000,741098000,752006000,683892000,13592000,45527000,None,65304000,602000,-3736000,None,3736000,3259000,1022000,None,17767000,17983000,4946000,3736000,4455000,10997000,21719000,39486000,13037000,GVA
2013-06-30,USD,49596000,549768000,560525000,500752000,6113000,46789000,None,61954000,380000,-3700000,None,3700000,3306000,-495000,None,15106000,2633000,1214000,3700000,3166000,2718000,6333000,21439000,1419000,GVA
2013-03-31,USD,30058000,376145000,419007000,348646000,-26016000,57161000,None,72920000,129000,-3646000,None,3646000,1087000,1103000,None,13200000,-31009000,-9027000,3646000,-19826000,-21982000,-27363000,-14163000,-21982000,GVA
2012-12-31,USD,56808000,522781000,512404000,447972000,21665000,57298000,None,-18000000,486000,-2033000,None,-19173000,18000000,-10049000,None,10935000,23656000,5669000,2033000,56808000,17987000,4483000,15418000,17987000,GVA
2012-09-30,USD,101099000,727543000,680423000,627383000,61441000,41280000,None,53979000,485000,-2561000,None,2561000,1622000,2013000,None,11760000,54234000,17113000,2561000,45746000,37121000,56795000,68555000,37121000,GVA
2012-06-30,USD,51916000,539742000,542578000,487699000,14064000,40806000,None,54752000,611000,-2827000,None,2827000,2954000,-5018000,None,11321000,3808000,1859000,2827000,4487000,1949000,6635000,17956000,1949000,GVA
2012-03-31,USD,24936000,308895000,338750000,285224000,-16335000,45090000,None,54791000,1044000,-3182000,None,3182000,1917000,6871000,None,12226000,-15305000,-3532000,3182000,-8687000,-11773000,-12123000,103000,-11773000,GVA
2011-12-31,USD,79126000,539548000,515770000,460422000,40137000,41025000,None,173734000,583000,-2709000,None,2709000,4217000,-2594000,None,11740000,30129000,11375000,2709000,79126000,18754000,32838000,44578000,18754000,GVA
2011-09-30,USD,93893000,730758000,686026000,634685000,60379000,39112000,None,49161000,476000,-3418000,None,3418000,5598000,-1833000,None,12229000,51577000,15109000,3418000,42376000,36468000,54995000,67224000,36468000,GVA
2011-06-30,USD,44956000,487065000,490655000,439718000,9433000,38793000,None,48546000,575000,-879000,None,879000,3270000,-688000,None,12145000,7033000,2087000,879000,6173000,4946000,7912000,20057000,4946000,GVA
2011-03-31,USD,29988000,256731000,226743000,226743000,-10680000,43372000,None,44024000,1244000,-3356000,None,3356000,2704000,570000,None,12042000,-14230000,-5223000,3356000,-7513000,-9007000,-10874000,1168000,-9007000,GVA
2010-12-31,USD,46217000,417228000,371011000,371011000,-98515000,37784000,None,107300000,833000,-2446000,None,2446000,2331000,1114000,None,13392000,-82714000,-32695000,2446000,-61083000,-50019000,-80268000,-66876000,-50019000,GVA
2010-09-30,USD,76155000,670850000,594695000,594695000,32160000,47160000,None,44542000,2110000,-547000,None,547000,3165000,1023000,None,13626000,30655000,-8026000,547000,43830000,38681000,31202000,44828000,38681000,GVA
2010-06-30,USD,49698000,454204000,404506000,404506000,2141000,51357000,None,50570000,1098000,-3013000,None,3013000,3800000,1934000,None,13243000,-2285000,4406000,3013000,-3020000,-6691000,728000,13971000,-6691000,GVA
2010-03-31,USD,5714000,220683000,214969000,214969000,-45126000,55292000,None,50840000,None,None,None,3734000,None,2897000,None,18662000,-48567000,-7613000,None,None,None,-44833000,-25844000,-40954000,GVA
2009-12-31,USD,91221000,434748000,343527000,344805000,35637000,56422000,None,37975000,None,None,None,5170000,None,4405000,None,21147000,28367000,12334000,None,None,None,33537000,63830000,16033000,GVA
2009-09-30,USD,105657000,720284000,614627000,615112000,46256000,60950000,None,62014000,None,None,None,4245000,None,3062000,None,19378000,43898000,13300000,None,None,None,48143000,70399000,30598000,GVA
2009-06-30,USD,83895000,461075000,377180000,377830000,30384000,56319000,None,52861000,None,None,None,2853000,None,1431000,None,19047000,26136000,8187000,None,None,None,28989000,32276000,17949000,GVA
