fiscalDateEnding,reportedCurrency,grossProfit,totalRevenue,costOfRevenue,costofGoodsAndServicesSold,operatingIncome,sellingGeneralAndAdministrative,researchAndDevelopment,operatingExpenses,investmentIncomeNet,netInterestIncome,interestIncome,interestExpense,nonInterestIncome,otherNonOperatingIncome,depreciation,depreciationAndAmortization,incomeBeforeTax,incomeTaxExpense,interestAndDebtExpense,netIncomeFromContinuingOperations,comprehensiveIncomeNetOfTax,ebit,ebitda,netIncome,ticker
2024-09-30,USD,204852000,589131000,384279000,19200000,8236000,162707000,21028000,196616000,None,-24683000,2604000,24683000,589131000,None,21400000,34592000,-17928000,15055000,34188000,-32983000,-3634000,6755000,41347000,-32983000,ICUI
2024-06-30,USD,207428000,596455000,389027000,389027000,7692000,159549000,23390000,199736000,None,-23841000,2807000,23841000,596455000,None,22300000,33401000,-19533000,1873000,23841000,-21406000,-43653000,4308000,37709000,-21406000,ICUI
2024-03-31,USD,185244000,566655000,381411000,382691000,-10655000,157657000,21842000,195899000,None,-23772000,2645000,23772000,566720000,None,22400000,33355000,-36768000,2703000,23772000,-39471000,-55928000,-10655000,20359000,-39471000,ICUI
2023-12-31,USD,171585000,587856000,416271000,1463053000,-12183000,154617000,22411000,183768000,-3000,-24408000,7508000,31916000,-1683440000,None,23900000,33578000,-36681000,-19534000,31916000,78072000,14499000,-12183000,28813000,-17147000,ICUI
2023-09-30,USD,183920000,553311000,369391000,19300000,22853000,148609000,20870000,161067000,-6000,-24175000,1746000,24175000,553311000,None,25000000,33679000,-5366000,-12604000,24175000,7238000,-28695000,18809000,52488000,7238000,ICUI
2023-06-30,USD,192327000,549310000,356983000,356983000,2760000,150895000,22302000,189567000,-3000,-24121000,1712000,24121000,549310000,-1502000,24400000,33354000,-22863000,-12929000,24121000,-9934000,2875000,1258000,34612000,-9934000,ICUI
2023-03-31,USD,192041000,568649000,376608000,376608000,9395000,152572000,19761000,182646000,-5000,-22515000,1751000,22515000,568282000,-269000,23400000,32525000,-13389000,-3577000,22515000,-9812000,9563000,9126000,41651000,-9812000,ICUI
2022-12-31,USD,174945000,578014000,403069000,403069000,-222000,142933000,23446000,175167000,-10000,-15307000,9195000,24502000,-1712808000,None,26400000,30696000,-21447000,-5911000,19737000,50839000,69168000,-222000,33751000,-15536000,ICUI
2022-09-30,USD,186396000,597857000,411461000,411461000,-467000,153452000,23105000,186863000,-43000,-21151000,-3343000,17808000,597857000,311000,23000000,35776000,-21307000,-8099000,21151000,-13208000,-86615000,-3499000,32277000,-13208000,ICUI
2022-06-30,USD,167593000,561004000,393411000,393411000,-48000,158748000,22562000,167641000,-81000,-16273000,-833000,15440000,561004000,-533000,24900000,41770000,-16854000,-9380000,16273000,-7474000,-99121000,-1414000,40356000,-7474000,ICUI
2022-03-31,USD,168827000,543122000,374295000,374295000,-42161000,153212000,23871000,210988000,-130000,-13644000,-589000,13055000,542526000,1004000,21400000,31870000,-54801000,-16733000,13644000,-38068000,-19427000,-41746000,-9876000,-38068000,ICUI
2021-12-31,USD,127490000,340525000,213035000,213035000,23825000,81456000,13166000,103665000,-141000,2474000,2840000,366000,-977352000,-122000,16800000,6570000,23337000,3412000,366000,20783000,15774000,23825000,30273000,19925000,ICUI
2021-09-30,USD,127791000,336060000,208269000,208269000,38380000,74815000,12238000,89411000,-150000,-168000,None,168000,336060000,-287000,16400000,5966000,37925000,6844000,168000,31081000,24914000,38093000,44059000,31081000,ICUI
2021-06-30,USD,123529000,321677000,198148000,198148000,34470000,73921000,11385000,89059000,-196000,-163000,700000,163000,321677000,525000,16300000,5966000,34832000,6434000,163000,28398000,29360000,34995000,40961000,28398000,ICUI
2021-03-31,USD,112680000,318046000,205366000,205366000,26570000,72391000,10709000,86110000,-168000,-161000,700000,161000,317387000,683000,16300000,5951000,27092000,3361000,161000,23731000,15340000,27253000,33204000,23731000,ICUI
2020-12-31,USD,119874000,320451000,200577000,200577000,27019000,73552000,11797000,92855000,-105000,3507000,3677000,170000,-954291000,3260000,15700000,5931000,30109000,3967000,170000,119874000,40153000,30279000,36210000,26142000,ICUI
2020-09-30,USD,113924000,318567000,204643000,204643000,25530000,70854000,10126000,88394000,-41000,-616000,800000,616000,318567000,1252000,15600000,5925000,26166000,1180000,616000,24986000,32631000,26782000,32707000,24986000,ICUI
2020-06-30,USD,106284000,303379000,197095000,197095000,19556000,67242000,10279000,86728000,-51000,-771000,None,771000,303379000,2053000,15800000,5902000,20838000,1930000,771000,18908000,24642000,21609000,27511000,18908000,ICUI
2020-03-31,USD,121415000,328607000,207192000,207192000,26057000,72305000,10746000,95358000,-34000,-196000,5904000,196000,328045000,-5480000,15200000,5829000,20381000,3547000,196000,16834000,3324000,20577000,26406000,16834000,ICUI
2019-12-31,USD,114140000,315523000,201383000,201383000,17823000,70649000,12587000,96317000,-32000,-138000,1562000,138000,-949507000,3236000,14700000,5300000,20921000,280000,138000,114140000,27821000,21059000,26359000,20641000,ICUI
2019-09-30,USD,118552000,307471000,188919000,188919000,32899000,65876000,12002000,85653000,-35000,-139000,1561000,139000,307471000,-10000,14800000,4400000,32750000,6187000,139000,26563000,18655000,32889000,37289000,26563000,ICUI
2019-06-30,USD,103869000,312282000,208413000,208413000,26266000,67824000,11199000,77603000,-40000,-139000,1561000,139000,312282000,1479000,14700000,4000000,27606000,4773000,139000,22833000,26040000,27745000,31745000,22833000,ICUI
2019-03-31,USD,135303000,330932000,195629000,195629000,30372000,72633000,12823000,104931000,-28000,-133000,1167000,133000,318250000,3191000,15100000,4000000,33430000,2432000,133000,30998000,30062000,33563000,37563000,30998000,ICUI
2018-12-31,USD,134640000,340378000,205738000,205738000,-9131000,76531000,13525000,143771000,-29000,-161000,None,161000,-1075669000,-179000,15300000,4400000,-12483000,-5128000,161000,134640000,-2839000,-12322000,-7922000,-7355000,ICUI
2018-09-30,USD,134587000,327169000,192582000,192582000,2254000,76640000,13181000,132333000,-109000,-283000,None,283000,327169000,894000,15100000,4100000,1437000,1218000,283000,219000,-4012000,1720000,5820000,219000,ICUI
2018-06-30,USD,151800000,360460000,208660000,208660000,31719000,81816000,13575000,120081000,-62000,-130000,None,130000,360460000,-270000,13600000,4000000,29597000,-1457000,130000,31054000,11570000,29727000,33727000,31054000,ICUI
2018-03-31,USD,149001000,372033000,223032000,223032000,4914000,85015000,12586000,144087000,-142000,-135000,None,135000,-53000,1026000,14200000,4100000,3823000,-1052000,135000,4875000,22088000,3958000,8058000,4875000,ICUI
2017-12-31,USD,137490000,370124000,232634000,232634000,43323000,75357000,13876000,94167000,-91000,-304000,None,304000,-2401000,-820000,15000000,4100000,39902000,-9803000,304000,137490000,38524000,40206000,44306000,49705000,ICUI
2017-09-30,USD,111598000,343236000,231638000,231638000,-3702000,76820000,12769000,115300000,None,-705000,None,705000,343236000,9117000,14000000,3600000,4710000,4574000,705000,136000,5745000,5415000,9015000,136000,ICUI
2017-06-30,USD,88062000,331514000,243452000,243452000,-35932000,85106000,12967000,123994000,None,-525000,None,525000,-2992000,-2720000,14400000,3900000,-39177000,-2117000,525000,-37060000,-27204000,-38652000,-34752000,-37060000,ICUI
2017-03-31,USD,88945000,247739000,158794000,158794000,-16983000,64886000,11641000,105928000,None,-513000,None,513000,-18000,62831000,8200000,3400000,45848000,-10015000,513000,55863000,57892000,46361000,49761000,55863000,ICUI
2016-12-31,USD,50760000,95688000,44928000,44928000,13771000,22598000,2654000,36989000,571000,17000,None,-17000,281000,318000,4000000,700000,14089000,4577000,-17000,31592000,6466000,14072000,14772000,9512000,ICUI
2016-09-30,USD,51273000,97108000,45835000,45835000,22455000,22362000,3650000,28818000,-905000,-58000,None,58000,-9000,571000,4000000,700000,23026000,4220000,58000,18806000,19506000,23084000,23784000,18806000,ICUI
2016-06-30,USD,50132000,96721000,46589000,46589000,22770000,22491000,3338000,27362000,407000,-48000,None,48000,-32000,1187000,None,700000,23957000,7351000,48000,16606000,14339000,24005000,24705000,16606000,ICUI
2016-03-31,USD,49233000,89855000,40622000,40622000,23945000,21975000,3313000,25288000,-528000,-29000,None,29000,1000,147000,None,700000,24092000,5932000,29000,15901000,22259000,24121000,24821000,18160000,ICUI
2015-12-31,USD,48257000,90387000,42130000,42130000,12503000,22518000,4057000,35754000,281000,None,None,39000,204000,138000,None,4807000,12641000,7178000,None,30177000,1978000,12503000,30860000,5463000,ICUI
2015-09-30,USD,46265000,86016000,39751000,39751000,24768000,20206000,4227000,21497000,-228000,None,None,None,1069000,230000,None,4240000,24998000,8732000,None,16266000,16770000,24768000,23136000,16266000,ICUI
2015-06-30,USD,43761000,83781000,40020000,40020000,20321000,20318000,3122000,23440000,-280000,None,None,None,35000,240000,None,4397000,20561000,6991000,None,13570000,15438000,20321000,24718000,13570000,ICUI
2015-03-31,USD,42514000,81484000,38970000,38970000,10973000,20174000,4308000,31541000,-943000,None,None,None,-2000,526000,None,4629000,11499000,1813000,None,9686000,-405000,10973000,29720000,9686000,ICUI
2014-12-31,USD,39685000,79896000,40211000,40211000,12053000,20299000,5080000,27632000,-189000,None,None,39000,100000,183000,None,4805000,12236000,4864000,None,20829000,-15599000,12053000,16559000,7372000,ICUI
2014-09-30,USD,38147000,77457000,39310000,39310000,8409000,21843000,5055000,29738000,-539000,None,None,None,-6000,155000,None,4976000,8564000,2136000,None,6428000,5920000,8409000,19065000,6428000,ICUI
2014-06-30,USD,37542000,78677000,41135000,41135000,8698000,24278000,4566000,28844000,-459000,None,None,None,-7000,207000,None,4901000,8905000,3027000,None,5878000,11029000,8698000,13599000,5878000,ICUI
2014-03-31,USD,36027000,73230000,37203000,37203000,9877000,22519000,3631000,26150000,-601000,None,None,None,5000,210000,None,4765000,10087000,3430000,None,6657000,13238000,9877000,14642000,6657000,ICUI
2013-12-31,USD,38945000,77941000,38996000,38996000,13558000,20559000,3458000,25387000,-670000,None,None,None,16000,195000,None,5055000,13753000,421000,None,25628000,-12134000,13558000,18613000,13332000,ICUI
2013-09-30,USD,40955000,82815000,41860000,41860000,15416000,22399000,3140000,25539000,-707000,None,None,None,0,190000,None,4862000,15606000,4572000,None,11034000,25291000,15416000,20278000,11034000,ICUI
2013-06-30,USD,38038000,78661000,40623000,40623000,10950000,23182000,3906000,27088000,-663000,None,None,None,None,212000,None,4877000,11162000,3795000,None,7367000,15883000,10950000,15827000,7367000,ICUI
2013-03-31,USD,36794000,74299000,37505000,37505000,12025000,22866000,1903000,24769000,-675000,None,None,None,None,168000,None,4712000,12193000,3508000,None,8685000,15000000,12025000,16737000,8685000,ICUI
2012-12-31,USD,41768000,82672000,40904000,40904000,18817000,20731000,2220000,22951000,-925000,None,None,None,-171000,125000,None,4739000,18942000,6599000,None,32901000,-14510000,18817000,23556000,12343000,ICUI
2012-09-30,USD,40695000,81405000,40710000,40710000,17530000,20177000,2988000,23165000,-675000,None,None,None,-14000,158000,None,4729000,17688000,5500000,None,12188000,26113000,17530000,22101000,12188000,ICUI
2012-06-30,USD,39082000,77281000,38199000,38199000,13547000,22806000,2729000,25535000,-628000,None,None,None,0,145000,None,4756000,13692000,4543000,None,9149000,14194000,13547000,18158000,9149000,ICUI
2012-03-31,USD,34965000,75511000,40546000,40546000,11382000,20890000,2693000,23583000,-357000,None,None,None,-27000,135000,None,4777000,11517000,3916000,None,7601000,9688000,11382000,16024000,7601000,ICUI
2011-12-31,USD,35953000,76470000,40517000,40517000,25744000,22283000,2168000,10209000,-493000,None,None,None,-15000,235000,None,4607000,25979000,8137000,None,39595000,16883000,25744000,1632000,17842000,ICUI
2011-09-30,USD,35574000,76458000,40884000,40884000,13286000,20411000,1877000,22288000,-402000,None,None,None,1000,132000,None,4635000,13418000,4157000,None,9261000,13126000,13286000,17789000,9261000,ICUI
2011-06-30,USD,36201000,77796000,41595000,41595000,13980000,19730000,2491000,22221000,-380000,None,None,None,None,431000,None,4552000,14411000,4918000,None,9493000,8286000,13980000,18101000,9493000,ICUI
2011-03-31,USD,34626000,71471000,36845000,36845000,12211000,22863000,2052000,22415000,-19000,None,None,None,None,403000,None,4500000,12614000,4541000,None,8073000,20015000,12211000,16308000,8073000,ICUI
2010-12-31,USD,37016000,75129000,38113000,38113000,14875000,19268000,1741000,21009000,53000,None,None,None,111000,89000,None,4549000,14964000,5984000,None,26842000,-13436000,14875000,20958000,8980000,ICUI
2010-09-30,USD,33777000,75482000,41705000,41705000,14624000,18341000,1067000,19408000,-198000,None,None,None,-400000,-215000,None,4194000,14409000,5434000,None,8975000,23186000,14624000,19033000,8975000,ICUI
2010-06-30,USD,31890000,68625000,36735000,36735000,11803000,19372000,952000,20324000,-360000,None,None,None,None,63000,None,4051000,11866000,4153000,None,7713000,10919000,11803000,15791000,7713000,ICUI
2010-03-31,USD,26287000,63723000,37436000,37436000,6354000,19655000,918000,20573000,-587000,None,None,None,None,192000,None,4551000,6546000,2291000,None,4255000,7003000,6354000,10713000,4255000,ICUI
2009-12-31,USD,28872000,67272000,38400000,38400000,8404000,19839000,629000,20468000,-827000,None,None,None,None,None,None,4391000,10119000,2689000,None,17480000,14567000,8404000,15198000,7430000,ICUI
2009-09-30,USD,25049000,53965000,28916000,28916000,7637000,16751000,661000,17412000,-544000,None,None,None,None,419000,None,3943000,8056000,1732000,None,6324000,13232000,7637000,11161000,6324000,ICUI
2009-06-30,USD,25789000,53399000,27610000,27610000,8669000,16503000,617000,17120000,None,None,None,None,None,305000,None,3773000,8974000,3233000,None,5741000,6622000,8669000,8364000,5741000,ICUI
2009-03-31,USD,26566000,54335000,27769000,27769000,10716000,15112000,738000,15850000,None,None,None,None,None,None,None,3564000,11034000,3972000,None,14124000,6175000,10716000,14280000,7062000,ICUI
