fiscalDateEnding,reportedCurrency,grossProfit,totalRevenue,costOfRevenue,costofGoodsAndServicesSold,operatingIncome,sellingGeneralAndAdministrative,researchAndDevelopment,operatingExpenses,investmentIncomeNet,netInterestIncome,interestIncome,interestExpense,nonInterestIncome,otherNonOperatingIncome,depreciation,depreciationAndAmortization,incomeBeforeTax,incomeTaxExpense,interestAndDebtExpense,netIncomeFromContinuingOperations,comprehensiveIncomeNetOfTax,ebit,ebitda,netIncome,ticker
2024-12-31,USD,99600000,402200000,424800000,302600000,-51600000,76300000,74200000,151200000,18400000,3400000,9000000,800000,402200000,14900000,25900000,39000000,-42300000,18600000,5600000,-42500000,-62300000,-51600000,-2500000,-60900000,LITE
2024-09-30,USD,77900000,336700000,403300000,259000000,-82400000,76300000,74300000,160300000,9400000,3900000,9400000,700000,336700000,8700000,27000000,41700000,-79200000,3200000,5500000,-73000000,-80100000,-82400000,-36800000,-82400000,LITE
2024-06-30,USD,51300000,1696500000,35800000,257000000,-133400000,74900000,73200000,184700000,None,4500000,9900000,-13800000,1666100000,11300000,28200000,41900000,-127500000,125000000,5400000,-71600000,-252000000,-133400000,-99400000,-252500000,LITE
2024-03-31,USD,59500000,357500000,446000000,307000000,-114600000,77700000,77200000,174100000,None,-9000000,12600000,9000000,366500000,16200000,27000000,42100000,-107400000,19600000,9000000,-118000000,-127400000,-98400000,-56300000,-127000000,LITE
2023-12-31,USD,64000000,357100000,431300000,302800000,-105200000,85100000,78300000,169200000,17100000,-9700000,17100000,9700000,366800000,13400000,27200000,37600000,-101500000,-2400000,9700000,-89400000,-95100000,-91800000,-54200000,-99100000,LITE
2023-09-30,USD,76700000,306500000,353900000,240900000,-80800000,73000000,73500000,157500000,21700000,-9700000,21700000,9700000,316200000,21200000,28200000,29000000,-69300000,-1400000,9700000,-36500000,-66800000,-59600000,-30600000,-67900000,LITE
2023-06-30,USD,89600000,369900000,397600000,281200000,-55900000,68300000,73900000,145500000,None,-9400000,16400000,9400000,376700000,19900000,28000000,29400000,-45400000,14800000,9400000,-10000000,-63200000,-36000000,-6600000,-60200000,LITE
2023-03-31,USD,112000000,374700000,379400000,271400000,-51400000,76400000,85400000,163400000,None,-8700000,11900000,8700000,383400000,11400000,27700000,30000000,-48700000,-9400000,8700000,-30600000,-35600000,-40000000,-10000000,-39300000,LITE
2022-12-31,USD,166200000,497100000,488200000,339800000,-21900000,98400000,75800000,188100000,7700000,-8900000,7700000,8900000,506000000,3700000,26400000,36100000,-27100000,4600000,8900000,-15100000,-28100000,-18200000,17900000,-31700000,LITE
2022-09-30,USD,201200000,498000000,452800000,305600000,13500000,105700000,72700000,187700000,4800000,-8500000,4800000,8500000,506500000,13800000,24500000,32200000,18800000,19200000,8500000,12900000,-1000000,27300000,59500000,-400000,LITE
2022-06-30,USD,181700000,403400000,334200000,240400000,55400000,69600000,56700000,126300000,3800000,-26500000,3800000,26500000,426900000,8200000,20400000,21200000,37100000,2400000,26500000,65000000,36300000,63600000,84800000,34700000,LITE
2022-03-31,USD,167200000,375700000,313300000,228200000,46800000,63800000,56700000,120400000,1100000,-19700000,1100000,19700000,395400000,2200000,20200000,21400000,29300000,3300000,19700000,46800000,18600000,49000000,70400000,26000000,LITE
2021-12-31,USD,207500000,429600000,329800000,239200000,85200000,69000000,53200000,122300000,600000,-17100000,600000,17100000,446700000,1000000,20600000,21500000,69100000,12400000,17100000,74400000,54400000,86200000,107700000,56700000,LITE
2021-09-30,USD,232200000,436800000,299800000,216200000,115900000,63300000,54100000,116300000,600000,-16900000,None,16900000,453700000,600000,20400000,21400000,99600000,18100000,16900000,99000000,81800000,116500000,137900000,81500000,LITE
2021-06-30,USD,162800000,375500000,314800000,229300000,45800000,58300000,54100000,117000000,800000,-18000000,800000,18000000,392800000,700000,21000000,22600000,28500000,7000000,18000000,40300000,24000000,46500000,69100000,21500000,LITE
2021-03-31,USD,185000000,403100000,302900000,234500000,266900000,65500000,57200000,-81900000,1000000,-16400000,1000000,16400000,419500000,2400000,22800000,22000000,252900000,27400000,16400000,241900000,225200000,269300000,291300000,225500000,LITE
2020-12-31,USD,229600000,463200000,331700000,249200000,115300000,61300000,52800000,114300000,1500000,-16300000,1500000,16300000,478800000,-900000,23800000,21000000,98100000,14900000,16300000,101000000,82800000,114400000,135400000,83200000,LITE
2020-09-30,USD,205700000,436200000,323900000,246700000,99000000,56300000,50400000,106700000,2400000,-16000000,2400000,16000000,451500000,600000,23800000,20900000,83600000,16500000,16000000,85500000,65600000,99600000,120500000,67100000,LITE
2020-06-30,USD,135700000,352200000,74700000,15000000,27000000,54800000,49000000,108700000,3200000,-15900000,3200000,15900000,368100000,3500000,25500000,24500000,14600000,19200000,15900000,11300000,-2500000,30500000,55000000,-4600000,LITE
2020-03-31,USD,157700000,387900000,336400000,245100000,42500000,61300000,48700000,115200000,5200000,-15600000,5200000,15600000,402800000,21700000,27500000,24800000,48600000,5200000,15600000,43400000,42200000,64200000,89000000,43400000,LITE
2019-12-31,USD,189100000,440100000,354900000,268700000,74800000,62400000,51000000,114300000,3400000,-18300000,3400000,18300000,457800000,1200000,28700000,22900000,57700000,8600000,18300000,49100000,48900000,76000000,98900000,49100000,LITE
2019-09-30,USD,167700000,437300000,350400000,269700000,59800000,56700000,49900000,107900000,4000000,-11400000,4000000,11400000,448100000,5000000,31600000,22700000,53400000,5800000,11400000,47600000,47700000,64800000,87500000,47600000,LITE
2019-06-30,USD,86800000,404600000,317800000,304600000,-13800000,49400000,49500000,100600000,3900000,-11400000,3900000,11400000,404600000,4100000,28200000,17100000,-21100000,4700000,11400000,-25800000,-26200000,-9700000,7400000,-25800000,LITE
2019-03-31,USD,88300000,432900000,344600000,316500000,-76400000,55200000,57700000,164700000,3900000,-11300000,3900000,11300000,432900000,5200000,29000000,31700000,-82500000,-8200000,11300000,-74300000,-73000000,-71200000,-39500000,-74300000,LITE
2018-12-31,USD,124800000,373700000,248900000,244500000,11500000,62700000,42800000,113300000,3400000,-8500000,None,8500000,373700000,3800000,26000000,5200000,17700000,1400000,8500000,16300000,15600000,26200000,31400000,16300000,LITE
2018-09-30,USD,126000000,354100000,228100000,227300000,57100000,33000000,34600000,68900000,2700000,-4300000,800000,5100000,354100000,2700000,19700000,800000,52600000,5200000,4300000,47400000,47900000,57700000,58500000,47400000,LITE
2018-06-30,USD,95500000,301100000,205600000,204800000,20900000,32700000,38500000,74600000,2800000,-4300000,1500000,5800000,-400000,-1000000,20700000,800000,27700000,-5800000,4300000,33500000,32600000,20900000,34300000,33500000,LITE
2018-03-31,USD,97000000,298800000,201800000,201000000,25500000,33200000,38200000,71500000,2500000,-4200000,None,4200000,298800000,-2100000,18400000,800000,2700000,0,4200000,2700000,1300000,25500000,7700000,2700000,LITE
2017-12-31,USD,171100000,404600000,233500000,232700000,90800000,35700000,43800000,80300000,1700000,-4100000,None,4100000,404600000,-3200000,18200000,800000,95500000,-109300000,4100000,204800000,204300000,90800000,100400000,204800000,LITE
2017-09-30,USD,68500000,243200000,174700000,173900000,2700000,26600000,36300000,65800000,1500000,-4100000,None,4100000,243200000,-3400000,16700000,800000,3500000,-3600000,4100000,7100000,8900000,2700000,8400000,7100000,LITE
2017-06-30,USD,67300000,222700000,154000000,671900000,3900000,26000000,35400000,63400000,None,-4100000,400000,4500000,None,-1800000,15100000,1400000,-27600000,27300000,4100000,-54900000,-54200000,3900000,-21700000,-54900000,LITE
2017-03-31,USD,82100000,255800000,172000000,1700000,13600000,28100000,37300000,68500000,None,None,None,1400000,None,-1400000,14100000,1800000,-44400000,11600000,None,-56000000,-54100000,13600000,15400000,-56000000,LITE
2016-12-31,USD,87000000,265000000,176300000,1700000,13300000,31000000,38700000,73700000,None,None,None,200000,None,-200000,13100000,1800000,17900000,6100000,None,11800000,8100000,13300000,15100000,11800000,LITE
2016-09-30,USD,81700000,258100000,174700000,1700000,16800000,25100000,36900000,64900000,None,None,None,200000,None,200000,11900000,1800000,-5700000,-2300000,None,-3400000,-4300000,16800000,18600000,-3400000,LITE
2016-06-30,USD,79500000,240000000,160500000,1700000,10100000,29500000,36400000,69400000,None,None,None,1000000,-900000,-100000,12300000,1800000,14400000,100000,None,14300000,14400000,10100000,11900000,14300000,LITE
2016-03-31,USD,62800000,228700000,165900000,2200000,-2300000,28000000,35300000,65100000,None,None,None,400000,-100000,-400000,11300000,1800000,-7500000,100000,None,-7600000,-3800000,-2300000,-500000,-7600000,LITE
2015-12-31,USD,68100000,216600000,148500000,2300000,6200000,25800000,35000000,61900000,None,None,None,500000,-300000,-500000,12100000,1800000,3300000,500000,None,2800000,1300000,6200000,8000000,2800000,LITE
2015-09-30,USD,66900000,210900000,144000000,2200000,-2500000,34000000,34400000,69400000,None,None,None,200000,-200000,-200000,11700000,1800000,-500000,-300000,None,-200000,-5700000,-2500000,-700000,-200000,LITE
2015-06-30,USD,63600000,207000000,143400000,145300000,-14600000,37600000,35700000,78200000,None,None,None,0,None,-300000,10900000,12900000,-14900000,900000,None,-3400000,-16800000,-14900000,2000000,-15800000,LITE
2015-03-31,USD,57100000,196800000,139700000,141600000,-10800000,31800000,35000000,67900000,None,None,None,300000,None,-400000,10900000,13100000,-11200000,-23400000,None,None,9000000,-10900000,1500000,12200000,LITE
2014-12-31,USD,66900000,208600000,141700000,143600000,-3200000,31200000,35100000,70100000,None,None,None,200000,None,-100000,10800000,12600000,-3300000,800000,None,None,-7300000,-3100000,17000000,-4100000,LITE
2014-09-30,USD,70300000,217100000,146800000,148700000,5200000,28300000,35000000,65100000,None,None,None,200000,None,-300000,10400000,12400000,4900000,600000,None,None,1400000,5100000,21200000,4300000,LITE
