fiscalDateEnding,reportedCurrency,grossProfit,totalRevenue,costOfRevenue,costofGoodsAndServicesSold,operatingIncome,sellingGeneralAndAdministrative,researchAndDevelopment,operatingExpenses,investmentIncomeNet,netInterestIncome,interestIncome,interestExpense,nonInterestIncome,otherNonOperatingIncome,depreciation,depreciationAndAmortization,incomeBeforeTax,incomeTaxExpense,interestAndDebtExpense,netIncomeFromContinuingOperations,comprehensiveIncomeNetOfTax,ebit,ebitda,netIncome,ticker
2024-09-30,USD,2439000000,5312000000,2873000000,2873000000,557000000,871000000,504000000,1882000000,43000000,3000000,43000000,40000000,3854000000,None,None,157000000,520000000,123000000,-3000000,397000000,346000000,557000000,714000000,397000000,MELI
2024-06-30,USD,2365000000,5073000000,2708000000,2708000000,726000000,729000000,460000000,1639000000,39000000,None,39000000,39000000,3703000000,None,None,154000000,668000000,137000000,-5000000,531000000,267000000,726000000,880000000,531000000,MELI
2024-03-31,USD,2024000000,4333000000,2309000000,2309000000,528000000,664000000,458000000,1496000000,25000000,-4000000,25000000,4000000,3063000000,None,None,154000000,481000000,137000000,4000000,344000000,319000000,528000000,639000000,344000000,MELI
2023-12-31,USD,2050000000,4409000000,2306000000,2359000000,335000000,730000000,686000000,1715000000,178000000,-6000000,178000000,6000000,158000000,None,None,135000000,230000000,65000000,-8000000,1955000000,241000000,240000000,371000000,165000000,MELI
2023-09-30,USD,2095000000,3927000000,1765000000,1832000000,785000000,637000000,396000000,1310000000,196000000,-2000000,196000000,2000000,3517000000,None,None,135000000,531000000,172000000,10000000,359000000,288000000,685000000,668000000,359000000,MELI
2023-06-30,USD,1831000000,3585000000,1695000000,1754000000,669000000,572000000,368000000,1162000000,188000000,-3000000,188000000,3000000,3236000000,6000000,None,128000000,472000000,210000000,-8000000,262000000,358000000,558000000,603000000,262000000,MELI
2023-03-31,USD,1614000000,3186000000,1501000000,1572000000,418000000,563000000,381000000,1196000000,161000000,-2000000,161000000,2000000,2952000000,74000000,None,126000000,323000000,122000000,2000000,198000000,274000000,340000000,451000000,201000000,MELI
2022-12-31,USD,1458000000,3002000000,1544000000,1544000000,349000000,556000000,325000000,1109000000,123000000,-2000000,123000000,2000000,3002000000,59000000,None,122000000,309000000,144000000,2000000,1458000000,228000000,349000000,433000000,165000000,MELI
2022-09-30,USD,1348000000,2690000000,1342000000,1342000000,296000000,486000000,278000000,1052000000,65000000,-2000000,65000000,2000000,2614000000,-6000000,None,97000000,198000000,69000000,2000000,129000000,91000000,296000000,297000000,129000000,MELI
2022-06-30,USD,1284000000,2234000000,2087000000,1313000000,250000000,469000000,262000000,1034000000,46000000,-2000000,46000000,2000000,2537000000,-14000000,None,100000000,162000000,39000000,2000000,124000000,20000000,250000000,264000000,123000000,MELI
2022-03-31,USD,1073000000,2243000000,1961000000,1175000000,139000000,700000000,234000000,934000000,31000000,-2000000,31000000,2000000,2245000000,28000000,None,84000000,111000000,46000000,2000000,65000000,194000000,139000000,197000000,65000000,MELI
2021-12-31,USD,853000000,2130766000,1995900000,1277000000,24000000,650212000,179000000,829000000,53374000,-1576000,53374000,1576000,2130766000,-3577000,None,67000000,-42000000,4000000,1576000,853165000,-65000000,24000000,26576000,-46000000,MELI
2021-09-30,USD,807000000,1832093000,1561033000,1051000000,160000000,508541000,138000000,647000000,35352000,-1412000,35352000,1412000,1832093000,10150000,None,52000000,126000000,31000000,1412000,95225000,45000000,160000000,179412000,95000000,MELI
2021-06-30,USD,754000000,1690846000,1390920000,949000000,166000000,440770000,147000000,588000000,24165000,-1128000,24165000,1128000,1690846000,12074000,None,47000000,138000000,70000000,1128000,68195000,128000000,166000000,186128000,68000000,MELI
2021-03-31,USD,591000000,1362515000,1199978000,787000000,91000000,374498000,126000000,500000000,25071000,-837000,25071000,837000,1363352000,9982000,None,38000000,10000000,44000000,837000,-34012000,-72000000,91000000,48837000,-34000000,MELI
2020-12-31,USD,489000000,1327304000,1267997000,839015000,-24818000,397171000,117515000,513642000,22648000,-1614000,22648000,1614000,1327304000,12718000,None,32564000,-44457000,6543000,1614000,489034000,-9033000,-24818000,-10279000,-51000000,MELI
2020-09-30,USD,480000000,1085266000,945307000,635511000,83074000,308320000,88796000,397116000,24553000,-303000,24553000,303000,1085266000,-5882000,None,28234000,52635000,37635000,303000,15035000,10885000,83074000,81172000,15000000,MELI
2020-06-30,USD,427000000,876466000,707388000,451197000,99438000,254480000,73254000,327734000,18782000,-388000,18782000,388000,876466000,16879000,None,22652000,89393000,33393000,388000,55947000,47310000,99438000,112433000,56000000,MELI
2020-03-31,USD,313000000,651397000,629900000,339277000,-29694000,269073000,73435000,342508000,36784000,-508000,36784000,508000,651905000,36598000,None,21550000,-16571000,4429000,508000,-21109000,-111162000,-29694000,5487000,-21000000,MELI
2019-12-31,USD,308347000,674271000,705940000,365924000,-68887000,319214000,58020000,377234000,26933000,-688000,26933000,688000,674271000,27100000,None,20802000,-62974000,-8976000,688000,308347000,-46230000,-68887000,-41484000,-53998000,MELI
2019-09-30,USD,284342000,604018000,626357000,318689000,-81925000,306772000,59495000,366267000,28462000,-621000,28462000,621000,604018000,29449000,None,19543000,-66927000,79155000,621000,-146082000,-172072000,-81925000,-46763000,-146082000,MELI
2019-06-30,USD,272430000,546025000,504726000,272812000,-12488000,230995000,53923000,284918000,33684000,-337000,33684000,337000,546025000,34467000,None,17281000,7300000,-8917000,337000,16217000,20356000,-12488000,24918000,16217000,MELI
2019-03-31,USD,237004000,473770000,236766000,236766000,10139000,174496000,52369000,226865000,24444000,-152000,5216000,152000,-3669000,20775000,None,15694000,15355000,3491000,152000,11864000,10853000,10139000,31201000,11864000,MELI
2018-12-31,USD,204783000,428019000,223235000,223235000,-818000,166640000,38962000,205602000,14293000,None,None,16443000,428019000,10431000,None,11931000,-6832000,-4495000,None,204783000,-8133000,-818000,11113000,-2337000,MELI
2018-09-30,USD,169718000,355281000,185563000,185563000,-11003000,145243000,35478000,180721000,8636000,None,None,15869000,3924000,12560000,None,11295000,-14312000,-4234000,None,-10078000,-9736000,-11003000,292000,-10078000,MELI
2018-06-30,USD,159749000,335377000,175628000,175629000,-28242000,154553000,33437000,187990000,9915000,-4764000,None,4764000,12577000,22492000,None,11482000,-18951000,-7700000,4764000,-11251000,-98130000,-28242000,-2705000,-11251000,MELI
2018-03-31,USD,162758000,320976000,158218000,158218000,-29419000,153781000,38396000,192177000,9195000,-4763000,None,4763000,5601000,14796000,None,11084000,-25357000,-12438000,4763000,-12919000,-29312000,-29419000,-9510000,-12919000,MELI
2017-12-31,USD,203363000,358064000,154701000,-286634000,-64609000,148069000,34161000,267971000,8881000,-4649000,None,4649000,358064000,6721000,None,10968000,-64671000,3049000,4649000,117602000,-73740000,-64609000,-49054000,-67720000,MELI
2017-09-30,USD,175827000,304921000,129094000,326477000,27542000,115905000,32380000,148285000,14200000,-4677000,None,4677000,1622000,15822000,None,10870000,36655000,8989000,4677000,27666000,21073000,27542000,52202000,27666000,MELI
2017-06-30,USD,171554000,283882000,112328000,261565000,30025000,108354000,30338000,141529000,10663000,-4593000,None,4593000,-21760000,-11097000,None,10080000,12422000,7106000,4593000,5316000,-16605000,30025000,27095000,5316000,MELI
2017-03-31,USD,168856000,269675000,100819000,195536000,63314000,75240000,30302000,105542000,12157000,-4593000,None,4593000,663000,12820000,None,9003000,69663000,21145000,4593000,48518000,60014000,63314000,83259000,48518000,MELI
2016-12-31,USD,162730000,256275000,93545000,182548000,64672000,71802000,26256000,98058000,10250000,-4510000,None,4510000,119276000,9748000,None,8324000,67621000,16272000,4510000,162730000,40487000,64672000,80455000,51349000,MELI
2016-09-30,USD,145648000,230847000,85199000,163862000,53709000,65873000,26066000,91939000,9892000,-4510000,None,4510000,-4823000,5069000,None,7520000,52286000,13374000,4510000,38912000,37044000,53709000,64316000,38912000,MELI
2016-06-30,USD,126298000,199644000,73346000,144556000,32187000,56178000,24216000,94111000,8049000,-4432000,None,4432000,-5387000,2662000,None,6926000,28218000,12360000,4432000,15858000,18124000,32187000,39576000,15858000,MELI
2016-03-31,USD,102182000,157630000,55448000,120758000,30489000,49752000,21941000,71693000,7251000,-4431000,None,4431000,5147000,12398000,None,6252000,37203000,6956000,4431000,30247000,20176000,30489000,47886000,30247000,MELI
2015-12-31,USD,117570000,180732000,63162000,140759000,33692000,61382000,22497000,83878000,5793000,-4355000,None,4355000,114117000,23566000,None,6253000,53028000,14063000,4355000,117570000,-19527000,33692000,63636000,38965000,MELI
2015-09-30,USD,111828000,168641000,56813000,117047000,45280000,49506000,17042000,66548000,5777000,-4355000,None,4355000,2570000,8347000,None,5986000,47616000,1976000,4355000,45640000,23502000,45280000,57957000,45640000,MELI
2015-06-30,USD,104003000,154314000,50311000,107880000,34637000,49727000,19639000,69366000,4683000,-4279000,None,4279000,-648000,4035000,None,5889000,33471000,14008000,4279000,19463000,17778000,34637000,43639000,19463000,MELI
2015-03-31,USD,103395000,148103000,44708000,97056000,25588000,44336000,17245000,77807000,4308000,-4283000,None,4283000,-8570000,-4262000,None,5081000,16376000,14655000,4283000,1721000,-20169000,25588000,25740000,1721000,MELI
2014-12-31,USD,113704000,161369000,47665000,105471227,45237000,52440987,16027166,68468000,4366406,-4233854,None,4233854,76708638,9665887,None,4601000,49961329,15800000,4233854,113704529,22834000,45237000,58796183,34161329,MELI
2014-09-30,USD,104533000,147935000,43402000,92122386,47147000,43812562,13574467,57386000,4360901,-4209241,None,4209241,5220080,9580981,None,4763000,51828000,18062000,4209241,33751967,13899000,47147000,60800241,33766000,MELI
2014-06-30,USD,95478000,131850000,36372000,82518627,-5913000,40153895,11740808,101390000,3572917,None,None,778155,-15964572,-12391655,None,4064000,-19089000,6506000,None,-25588478,-25024000,-5913000,-1849000,-25595000,MELI
2014-03-31,USD,83843000,115383000,31540000,73817200,34001000,37584369,12257198,49841000,3035630,None,None,1027180,3093471,6129101,None,3519000,39039000,8775000,None,30327953,13658000,34001000,37520000,30264000,MELI
2013-12-31,USD,98425000,134630632,36205632,75061413,52119021,36634640,9670938,46305809,2295481,None,None,976413,52067573,43806,None,3285609,55813940,14977533,None,98424659,25167499,52119021,55404630,40836407,MELI
2013-09-30,USD,88910000,123054989,34144989,76744001,37399063,39436793,12074586,51511379,2776791,None,None,487496,1575592,-42217,None,3137368,41221733,12075486,None,29146247,21818362,37399063,40536431,29146247,MELI
2013-06-30,USD,81106000,112183211,31077211,68630184,35449295,35896634,9760220,45656854,2202314,None,None,531668,3600866,1393,None,2834684,40722200,10701182,None,30021018,15734531,35449295,38283979,30021018,MELI
2013-03-31,USD,74077000,102726167,28649167,66844560,28571184,36123007,9382389,45505396,3394006,None,None,360352,-6249714,-3733,None,2621339,25351391,7828800,None,17522591,16289683,28571184,31192523,17522591,MELI
2012-12-31,USD,76351784,103754646,27402862,57970892,39128520,30299578,6686830,37223264,2880600,None,None,273902,489096,30,None,2547083,42224342,11977954,None,76351784,26765339,39128520,41675603,30246388,MELI
2012-09-30,USD,71573179,97266784,25693605,57738123,33713687,29876191,7983301,37859492,2925913,None,None,312860,-193529,-179707,None,2354739,35953504,9885607,None,26067897,24837775,33713687,36068426,26067897,MELI
2012-06-30,USD,64951178,88844059,23892881,50638643,31884920,26932439,6133819,33066258,2982303,None,None,474300,749008,-7009,None,2090847,35134922,9740098,None,25394824,15316545,31884920,33975767,25394824,MELI
2012-03-31,USD,62639709,83736006,21096297,52761862,24930744,30122891,7586074,37708965,3088560,None,None,77317,1032978,-4252,None,1966624,26904757,7267719,None,19637038,22683254,24930744,26897368,19637038,MELI
2011-12-31,USD,65741114,86465654,20724540,52177380,28965890,30026238,6748985,36775223,2868565,None,None,1086100,272183,-179254,None,2018907,30841285,9219854,None,65741114,18866692,28965890,30984797,21621431,MELI
2011-09-30,USD,61567671,81628145,20060474,46900074,29963723,25678928,5925019,31603947,2913596,-1052865,None,1052865,3284190,-7292,None,1943373,35101354,8804905,1052865,26296447,10334006,36154219,38097592,26296449,MELI
2011-06-30,USD,52439042,69378160,16939118,42922433,21551397,25368753,5518892,30887645,2249898,-880819,None,880819,-702714,240097,None,1764652,22457859,7637033,880819,14820826,18052266,23338678,25103330,14820826,MELI
2011-03-31,USD,47127964,61459667,14331703,5156890,19291156,22679919,5156890,27836809,1873768,-628950,None,628950,500655,20344,None,1541143,20055663,5998029,628950,14057634,14882781,20684613,22225756,14057634,MELI
2010-12-31,USD,48521916,62316230,13794314,4430276,20969024,23122616,4430276,27552892,1857788,None,None,682364,-69722,None,None,1327494,22074726,6135233,None,48521916,15533307,20969024,22296518,15939493,MELI
2010-09-30,USD,44500459,55951378,11450919,4224476,19310706,20965277,4224476,25189753,1361899,-567969,-1,567968,-354219,1361899,None,1406803,19750417,959454,567969,18790963,22447005,19310706,21725188,18790963,MELI
2010-06-30,USD,41098770,52510331,11411561,3976466,18814567,18307737,3976466,22284203,917388,-3355921,None,3355921,-35478,917388,None,1240480,16340555,4666593,3355921,11673963,10420151,18814567,20936956,11673962,MELI
2010-03-31,USD,36044723,45937774,9893051,9893051,15504266,6206881,3224775,20540457,None,None,None,2995418,None,None,None,946873,13699962,4079361,None,None,None,15504266,16451139,9620601,MELI
2009-12-31,USD,38682129,49020045,10337916,10337916,17871602,6166592,3124460,20810527,None,None,None,3639551,None,None,None,934475,14927229,3641659,None,None,None,17871602,18806077,11285570,MELI
2009-09-30,USD,40208605,50599276,10390671,10390671,18982350,6882020,3295436,21226255,None,None,None,3873230,None,None,None,1013895,12389525,2537257,None,None,None,18982350,19996245,9852268,MELI
2009-06-30,USD,32306322,40901799,8595477,8595477,12412223,6729609,3087206,19894099,None,None,None,3334589,None,None,None,988891,8333535,1653756,None,None,None,12412223,14003288,6679779,MELI
2009-03-31,USD,25688515,32322501,6633986,6633986,6767544,6071375,2633419,18920971,None,None,None,2510184,None,None,None,956491,7062509,1671333,None,None,None,7697207,8653698,5391176,MELI
