fiscalDateEnding,reportedCurrency,grossProfit,totalRevenue,costOfRevenue,costofGoodsAndServicesSold,operatingIncome,sellingGeneralAndAdministrative,researchAndDevelopment,operatingExpenses,investmentIncomeNet,netInterestIncome,interestIncome,interestExpense,nonInterestIncome,otherNonOperatingIncome,depreciation,depreciationAndAmortization,incomeBeforeTax,incomeTaxExpense,interestAndDebtExpense,netIncomeFromContinuingOperations,comprehensiveIncomeNetOfTax,ebit,ebitda,netIncome,ticker
2024-09-30,USD,334115000,430082000,95967000,95967000,-30794000,253998000,110911000,364909000,None,21038000,22471000,1433000,430082000,-3066000,27900000,2400000,-12822000,2509000,1433000,-15331000,1935000,-30794000,-28394000,-15331000,NET
2024-06-30,USD,311985000,400996000,89011000,89011000,-34698000,244136000,102547000,346683000,None,20497000,21715000,1218000,400996000,269000,26300000,2000000,-13932000,1146000,1218000,-15078000,-15497000,-34698000,-32698000,-15078000,NET
2024-03-31,USD,293564000,378602000,85038000,85038000,-54550000,260411000,87703000,348114000,None,-1100000,21252000,1100000,378602000,1124000,24100000,5300000,-33243000,2300000,1100000,-35574000,-38427000,-32143000,-26843000,-35543000,NET
2023-12-31,USD,279190000,362473000,83283000,83858000,-42829000,225618000,96401000,322019000,None,-1069000,20190000,1069000,362473000,-2103000,30200000,5300000,-25811000,2054000,1069000,-27865000,-21733000,-24742000,-19442000,-27865000,NET
2023-09-30,USD,257534000,335603000,78069000,78069000,-39212000,206153000,90593000,296746000,None,-1138000,17954000,1138000,335603000,115000,29000000,4900000,-22281000,1254000,1138000,-23535000,-21374000,-21143000,-16243000,-23535000,NET
2023-06-30,USD,233273000,308494000,75221000,75221000,-56172000,199835000,89610000,289445000,None,-1539000,16536000,1539000,258194000,-1527000,28400000,4900000,-93002000,1465000,51839000,-94467000,-94638000,-91463000,-86563000,-94467000,NET
2023-03-31,USD,219743000,290175000,70432000,70432000,-47272000,185476000,81539000,267015000,None,-2126000,13487000,2126000,290175000,-857000,25800000,4900000,-36768000,1314000,2126000,-38082000,-32324000,-34642000,-29742000,-38082000,NET
2022-12-31,USD,206912000,274700000,67788000,67788000,-50691000,177900000,79703000,257603000,None,-875000,8323000,875000,276700000,-1602000,24000000,4900000,-44845000,1072000,875000,-45917000,-40515000,-43970000,-39070000,-45917000,NET
2022-09-30,USD,191890000,253857000,61967000,61967000,-45947000,161405000,76432000,237837000,None,-1512000,2340000,1512000,253857000,2433000,21900000,4900000,-41174000,1372000,1512000,-42546000,-43766000,-39662000,-34762000,-42546000,NET
2022-06-30,USD,178713000,234517000,55804000,55804000,-64541000,168140000,75114000,243254000,None,-1040000,1641000,1040000,234517000,233000,20000000,4900000,-63707000,-170000,1040000,-63507000,-66870000,-62667000,-57767000,-63537000,NET
2022-03-31,USD,165116000,212167000,47051000,47051000,-40024000,138086000,67054000,205140000,None,-1557000,1061000,1557000,212167000,-487000,18900000,500000,-41007000,374000,1557000,-41381000,-51481000,-39450000,-38950000,-41381000,NET
2021-12-31,USD,151100000,193596000,42496000,42496000,-41064000,130402000,61762000,192164000,None,-16108000,15440000,16108000,193196000,-426000,17100000,800000,-56930000,20571000,16108000,-77501000,-79935000,-40822000,-40022000,-77501000,NET
2021-09-30,USD,134822000,172347000,37525000,37525000,-26494000,114546000,46770000,161316000,None,-12448000,12063000,12448000,100113000,361000,16100000,700000,-110430000,-3095000,84682000,-107335000,-107502000,-97982000,-97282000,-107335000,NET
2021-06-30,USD,117399000,152428000,35029000,35029000,-28872000,104922000,41349000,146271000,None,-10444000,10071000,10444000,152428000,-877000,15100000,700000,-39810000,-4300000,10261000,-35510000,-35588000,-29366000,-28666000,-35510000,NET
2021-03-31,USD,105971000,138055000,32084000,32084000,-31254000,97698000,39527000,137225000,None,-10234000,544000,10234000,138055000,148000,14000000,700000,-40796000,-833000,10049000,-39996000,-40092000,-30562000,-29862000,-39963000,NET
2020-12-31,USD,96861000,125926000,29065000,29065000,-24741000,86845000,34757000,121602000,None,-10062000,846000,10062000,125026000,113000,13100000,1000000,-33824000,197000,9842000,-34021000,-34428000,-23762000,-22762000,-34021000,NET
2020-09-30,USD,87157000,114162000,27005000,27005000,-21252000,77507000,30902000,108409000,None,-9828000,8512000,9828000,114162000,-208000,12100000,700000,-29972000,-3504000,9640000,-26468000,-27122000,-20144000,-19444000,-26468000,NET
2020-06-30,USD,75557000,99721000,24164000,24164000,-24704000,72130000,28131000,100261000,None,-5007000,3150000,5007000,99721000,-219000,10800000,700000,-28073000,-1938000,4854000,-26135000,-26318000,-23066000,-22366000,-26135000,NET
2020-03-31,USD,70429000,91250000,20821000,20821000,-36071000,73146000,33354000,106500000,None,-67000,2502000,67000,91250000,485000,9900000,700000,-33084000,-338000,0,-32746000,-31400000,-33017000,-32317000,-32746000,NET
2019-12-31,USD,65732000,83930000,18198000,18198000,-29942000,69385000,26289000,95674000,None,-142000,2823000,142000,83730000,-412000,8600000,10000,-27540000,615000,1112000,-28155000,-28167000,-27398000,-27388000,-28155000,NET
2019-09-30,USD,57908000,73941000,16033000,16033000,-41086000,71131000,27863000,98994000,None,-407000,672000,407000,73941000,-651000,7700000,30000,-41065000,-212000,0,-40853000,-40846000,-40658000,-40628000,-40853000,NET
2019-06-30,USD,52592000,67424000,14832000,14832000,-19771000,17659000,18868000,72363000,None,540000,540000,290000,None,-86000,7000000,6990000,-19317000,389000,0,-19706000,-19655000,-19027000,-12037000,-19706000,NET
2019-03-31,USD,47367000,61727000,14360000,14360000,-17147000,16048000,17649000,64514000,None,640000,640000,273000,None,-293000,6100000,6170000,-16800000,314000,None,-17114000,-17042000,-16527000,-10357000,-17114000,NET
2018-12-31,USD,42543000,55499000,12956000,12956000,-17093000,16098000,15350000,59636000,None,None,None,266000,None,-188000,5400000,5508000,-16499000,188000,None,None,-16678000,-16233000,-10725000,-16687000,NET
2018-09-30,USD,38861000,50070000,11209000,11209000,-36468000,36040000,14827000,75329000,None,None,None,251000,None,-1240000,5000000,5119000,-37572000,417000,None,None,-37991000,-37321000,-32202000,-37989000,NET
