fiscalDateEnding,reportedCurrency,grossProfit,totalRevenue,costOfRevenue,costofGoodsAndServicesSold,operatingIncome,sellingGeneralAndAdministrative,researchAndDevelopment,operatingExpenses,investmentIncomeNet,netInterestIncome,interestIncome,interestExpense,nonInterestIncome,otherNonOperatingIncome,depreciation,depreciationAndAmortization,incomeBeforeTax,incomeTaxExpense,interestAndDebtExpense,netIncomeFromContinuingOperations,comprehensiveIncomeNetOfTax,ebit,ebitda,netIncome,ticker
2024-12-31,USD,-626425000,27004000,414461000,None,-685531000,11259000,None,53272000,None,50054000,203965000,153911000,27004000,None,None,1500000,-333458000,-17318000,None,-297517000,-310471000,-685531000,-684031000,-316140000,RC
2024-09-30,USD,-156265000,56252000,145894000,18573000,-203886000,10439000,None,43511000,None,50965000,226537000,175572000,56252000,None,None,1400000,-17714000,-8404000,None,-7473000,-19606000,-203886000,-202486000,-9310000,RC
2024-06-30,USD,-71357000,114000,71025000,26175000,-120248000,8615000,2232000,43921000,None,50952000,234119000,183167000,-82393000,None,None,900000,-84600000,-48579000,None,-31427000,-37563000,-120248000,-119348000,-36021000,RC
2024-03-31,USD,-67450000,2772000,70222000,24083000,-142081000,10057000,2593000,71060000,None,48549000,232354000,183805000,-102628000,None,None,400000,-104495000,-30211000,183805000,-75582000,-68687000,79310000,79710000,-74284000,RC
2023-12-31,USD,7829000,73082000,65253000,16256000,-38364000,15606000,557000,41512000,None,52839000,244767000,191928000,596000,None,None,400000,7378000,-2385000,191928000,13715000,-2248000,199306000,199706000,9763000,RC
2023-09-30,USD,67657000,150310000,82653000,14368000,18624000,11023000,2603000,43938000,None,58923000,250590000,191612000,40760000,None,None,400000,49689000,2808000,191612000,47179000,49022000,241301000,241701000,45662000,RC
2023-06-30,USD,259105000,372229000,113124000,11241000,207486000,8271000,2156000,46993000,None,60783000,232884000,172534000,276065000,None,None,400000,254024000,2194000,172534000,253373000,252012000,426558000,426958000,248883000,RC
2023-03-31,USD,54842000,125381000,70539000,15448000,6035000,8388000,2114000,44381000,None,57100000,217573000,158868000,31630000,None,None,600000,35534000,901000,160394000,36978000,32157000,195928000,196528000,35143000,RC
2022-12-31,USD,-22587000,84094000,106681000,21128000,-70717000,7841000,1968000,45018000,None,63633000,207068000,143435000,42420000,None,None,400000,8244000,-3210000,143435000,13682000,6513000,151679000,152079000,11454000,RC
2022-09-30,USD,84462000,170413000,85951000,15396000,36265000,7059000,2619000,41446000,None,70531000,186026000,115495000,78528000,None,None,400000,68006000,4776000,115495000,66253000,61543000,183501000,183901000,63230000,RC
2022-06-30,USD,90583000,153418000,62835000,14372000,45696000,6823000,2376000,38728000,None,72844000,153671000,80827000,50766000,None,None,400000,66409000,10318000,80827000,58965000,57981000,147236000,147636000,56091000,RC
2022-03-31,USD,85102000,160314000,75212000,12653000,42921000,7494000,None,40189000,None,63388000,124405000,61017000,87807000,None,None,400000,81337000,17849000,61017000,64263000,64462000,142354000,142754000,63488000,RC
2021-12-31,USD,74032000,151219000,77187000,78601000,32344000,6307000,None,38295000,None,64693000,121942000,57249000,66451000,None,None,400000,60084000,6867000,57249000,53588000,53949000,117333000,117733000,53217000,RC
2021-09-30,USD,71130000,167937000,96807000,12926000,27914000,10079000,None,39675000,None,55000000,105136000,50136000,88471000,None,None,400000,52319000,6540000,50136000,46535000,46660000,102455000,102855000,45779000,RC
2021-06-30,USD,44978000,136669000,91691000,17190000,7966000,5519000,None,34038000,None,47632000,103047000,55415000,75865000,None,None,300000,37455000,6995000,55415000,30904000,30313000,92870000,93170000,30460000,RC
2021-03-31,USD,41345000,121456000,80111000,15484000,2676000,5430000,None,36018000,None,22610000,73371000,50761000,88965000,None,None,300000,36969000,8681000,50761000,28947000,31193000,87730000,88030000,28288000,RC
2020-12-31,USD,39216000,118657000,79441000,-3929000,4457000,7116000,None,31111000,None,23491000,64810000,41319000,83406000,None,None,300000,31179000,4268000,41319000,27559000,26880000,72498000,72798000,26911000,RC
2020-09-30,USD,49026000,137931000,88905000,10448000,16519000,6208000,None,29041000,None,17251000,61074000,43823000,107906000,None,None,300000,41112000,6554000,43823000,35363000,34518000,84935000,85235000,34558000,RC
2020-06-30,USD,43390000,149387000,105997000,17745000,1287000,4046000,None,38601000,None,19803000,63211000,43408000,120927000,None,None,300000,39353000,5500000,43408000,34663000,33513000,82761000,83061000,33853000,RC
2020-03-31,USD,-98611000,13954000,112565000,13744000,-131578000,4682000,None,29873000,None,22621000,69551000,46930000,22523000,None,None,300000,-58389000,-7937000,46930000,-51516000,-53812000,-11459000,-11159000,-50452000,RC
2019-12-31,USD,18986000,67741000,48755000,-1000,18986000,2800000,None,16393000,None,23445000,64406000,40961000,45422000,None,None,200000,18476000,-1952000,40961000,-29769000,24505000,59437000,59637000,20428000,RC
2019-09-30,USD,15405000,68194000,52789000,8144000,-6414000,4153000,None,21819000,None,20333000,59723000,39390000,39984000,None,None,100000,9459000,-2645000,39390000,12427000,9554000,48849000,48949000,12104000,RC
2019-06-30,USD,12984000,60303000,47319000,8085000,-8745000,3746000,None,21729000,None,21281000,57034000,35753000,32956000,None,None,100000,8013000,-2956000,35753000,11245000,4594000,43766000,43866000,10969000,RC
2019-03-31,USD,29920000,76190000,46270000,6861000,6139000,2930000,None,23781000,None,12978000,48753000,35775000,56266000,None,None,100000,26464000,-3003000,35775000,30450000,29061000,62239000,62339000,29467000,RC
2018-12-31,USD,6749000,35958000,29209000,167000,6749000,1527000,None,15201000,None,14962000,46204000,31242000,22125000,None,None,64642000,6440000,-2737000,31242000,-22460000,8255000,37682000,38489000,9177000,RC
2018-09-30,USD,4907000,40665000,35758000,6548000,-14235000,3922000,None,19142000,None,15362000,44287000,28925000,42761000,8500000,None,62902000,17826000,895000,28925000,19747000,16931000,46751000,31943000,16931000,RC
2018-06-30,USD,8772000,44654000,35882000,8916000,-25973000,18019000,None,34745000,None,15451000,41858000,26407000,40288000,4457000,None,60642000,15996000,700000,26407000,17387000,15296000,42403000,29879000,15296000,RC
2018-03-31,USD,14032000,52057000,38025000,167000,-23894000,19273000,None,37926000,None,14484000,37150000,22666000,42747000,3008000,None,62534000,20417000,2563000,22666000,24257000,17854000,43083000,28507000,17854000,RC
2017-12-31,USD,14562000,14562000,39025000,21573000,14562000,16689000,None,54035000,None,15069000,36136000,21067000,37269000,36135000,None,10000,12173000,76000,21067000,12730000,12097000,33240000,33250000,12097000,RC
2017-09-30,USD,32812000,55882000,23070000,20374000,7427000,18032000,None,25385000,None,15130000,35038000,19908000,38370000,35038000,None,125000,11501000,-340000,19908000,12374000,11841000,31409000,31534000,11841000,RC
2017-06-30,USD,35676000,58578000,22902000,17389000,12109000,17533000,None,24075000,None,16018000,33248000,17230000,38564000,33248000,None,130000,11565000,1069000,17230000,11153000,10496000,28795000,28925000,10496000,RC
2017-03-31,USD,21223000,46599000,25376000,17673000,-2008000,17710000,None,23116000,None,17443000,33884000,16441000,27015000,33884000,None,136000,9890000,1034000,16441000,9557000,8856000,26331000,26467000,8856000,RC
2016-12-31,USD,13882000,13882000,29370907,53572361,13882000,15642985,None,51130342,None,17012000,32741000,15729000,31552823,32741000,None,-95103,30379000,6325000,45753361,27881000,49135062,46108000,46012897,24054000,RC
2016-09-30,USD,2147096,16958652,14811556,3107637,-1923961,10034149,None,3363876,None,17793000,31890000,14097000,16838890,31890000,None,240771,10089000,1297000,3107637,4183151,4110691,24186000,24426771,8792000,RC
2016-06-30,USD,-3367700,12739518,16107218,4113725,-8958813,9981689,None,2683898,None,20725000,34501000,13776000,11461423,34526000,None,236902,8879000,858000,4113725,-1120753,-1038005,22655000,22891902,8021000,RC
2016-03-31,USD,-4594469,9783850,14378319,4797277,-10006788,8163312,None,3040884,None,23566000,37867000,14301000,5664864,37866000,None,232430,9473000,1171000,4797277,-3376194,-3038748,23774000,24006430,8302000,RC
2015-12-31,USD,5269067,17364280,12095213,4664825,5269067,7365061,None,1960375,None,4238034,8902859,4664825,13126246,38812000,None,-149173,10157578,1911578,4664825,-13929834,-1834621,14822403,14673230,8246000,RC
2015-09-30,USD,1256031,14113143,12857112,4711854,-2922820,8079370,None,3461155,None,4939098,9650952,4711854,8943047,39646000,None,236212,11734509,-250491,4711854,-6711418,-6040746,16446363,16682575,11985000,RC
2015-06-30,USD,8590674,22327988,13737314,4727749,4637518,8477424,None,3953156,None,4833599,9561348,4727749,17430551,38117000,None,230538,14307916,2899916,4727749,6709516,6053811,19035665,19266203,11408000,RC
2015-03-31,USD,2350776,14515681,12164905,4745477,-568872,7766855,None,2919648,None,4941920,9687397,4745477,9376430,32380000,None,227423,8598471,-145529,4745477,417246,373780,13343948,13571371,8744000,RC
2014-12-31,USD,2310573,10550557,8239984,4447530,2310573,2384242,None,2501622,None,5820345,10267875,4447530,4730212,10267875,None,131389,1938371,-850996,4447530,-8023046,216938,6385901,6517290,2789367,RC
2014-09-30,USD,1912937,5336963,3424026,435200000,559925,634640,None,1666169,None,6508941,11000619,4491678,0,11000619,None,-8893608825,1149497,0,4491678,-2864101,1149497,5641175,1149497,1149497,RC
2014-06-30,USD,26050825,29282221,3231396,4416385,24359920,980342,None,1462651,None,6414835,10831220,4416385,0,None,None,-22688696,23173931,0,4416385,22676719,23173931,27590316,-19505257,23173931,RC
2014-03-31,USD,2556478,6654801,4098323,3903952,-1321590,1211585,None,2231866,None,5589081,9493033,3903952,0,None,None,-992101,2224205,0,3903952,-5493532,2224205,6128157,498657,2224205,RC
2013-12-31,USD,9000455,11715911,2715456,3090565,9000455,612751,None,-18260337,None,5682774,8773339,3090565,6033137,None,None,None,9000455,937608,3090565,6284999,9000455,9000455,2967318,9000455,RC
2013-09-30,USD,-4965067,7113274,2965081,2333139,-11938351,844357,None,7796280,None,5940305,8273444,2333139,1172969,None,None,-1172969,4148193,432132,2333139,-5790172,3716061,-11938351,1802255,3716061,RC
2013-06-30,USD,-7814932,4778731,1819733,1156780,-25408828,769123,None,15052295,None,4778731,5935511,1156780,-10527875,None,None,10527875,-7568877,-788476,1156780,-26982506,-6780401,-25408828,13486873,-6780401,RC
2013-03-31,USD,1973695,4077513,2103818,514035,-130123,354249,None,2336709,None,2921998,3436033,514035,1155515,None,None,-1155515,1973695,299094,514035,-2233941,1674601,-130123,-337335,1674601,RC
