fiscalDateEnding,reportedCurrency,grossProfit,totalRevenue,costOfRevenue,costofGoodsAndServicesSold,operatingIncome,sellingGeneralAndAdministrative,researchAndDevelopment,operatingExpenses,investmentIncomeNet,netInterestIncome,interestIncome,interestExpense,nonInterestIncome,otherNonOperatingIncome,depreciation,depreciationAndAmortization,incomeBeforeTax,incomeTaxExpense,interestAndDebtExpense,netIncomeFromContinuingOperations,comprehensiveIncomeNetOfTax,ebit,ebitda,netIncome,ticker
2024-09-30,USD,27737000,34870000,7133000,7133000,4961000,12462000,2831000,15792000,264000,264000,264000,None,34870000,-75000,None,1075000,5150000,1490000,None,3660000,3683000,4961000,6225000,3660000,SPOK
2024-06-30,USD,26819000,33982000,7163000,14411000,4474000,11573000,3176000,15272000,391000,391000,391000,None,33982000,-14000,None,1067000,4851000,1426000,None,3425000,3377000,4474000,5889000,3425000,SPOK
2024-03-31,USD,28024000,35163000,7139000,14506000,4891000,12133000,2951000,15686000,254000,254000,254000,None,34909000,-2000,None,1068000,5143000,907000,None,4236000,4278000,4891000,6387000,4236000,SPOK
2023-12-31,USD,27253000,34186000,6933000,6933000,4082000,12791000,2642000,16275000,None,233000,233000,575000,33953000,43000,None,728000,4358000,993000,None,3365000,3381000,4082000,5188000,3365000,SPOK
2023-09-30,USD,29046000,35668000,6622000,6622000,6213000,12283000,2561000,15085000,240000,240000,240000,None,35428000,41000,None,1267000,6494000,2043000,None,4451000,4533000,6213000,7634000,4451000,SPOK
2023-06-30,USD,30090000,36817000,6727000,6727000,6215000,12843000,2853000,15968000,354000,354000,354000,354000,36463000,-138000,None,122085,6431000,1698000,None,4733000,4768000,6215000,7696000,4733000,SPOK
2023-03-31,USD,26916000,33452000,6536000,6536000,4717000,11601000,2493000,14268000,272000,272000,272000,575000,33180000,53000,None,41584,5042000,1925000,None,3117000,3129000,4717000,5703000,3117000,SPOK
2022-12-31,USD,26622000,33481000,6859000,6859000,2955000,12541000,2281000,17073000,None,226000,226000,366000,33255000,57000,None,54880,3238000,-20988000,None,24226000,24377000,2955000,5655000,24226000,SPOK
2022-09-30,USD,27249000,33873000,6624000,31800,3539000,12308000,2223000,16201000,None,129000,129000,129000,33744000,98000,None,27081,3766000,846000,None,2920000,2652000,3539000,-37700,2920000,SPOK
2022-06-30,USD,26900000,33880000,6980000,6980000,2412000,13493000,2624000,16787000,None,170000,170000,170000,33710000,25000,None,86065,2607000,683000,None,1924000,1695000,2412000,4183000,1924000,SPOK
2022-03-31,USD,26088000,33892000,7804000,7804000,-8668000,15750000,6497000,26912000,None,67000,67000,67000,33825000,-13000,None,60459,-8614000,-1400000,None,-7214000,-7189000,-8668000,1228000,-7214000,SPOK
2021-12-31,USD,23760000,34600000,8290000,8278000,-20812000,13731000,4851000,35206000,None,57000,56000,57000,34543000,53000,962000,0,-20702000,-4032000,None,-16670000,-16660000,-20812000,-20812000,-16670000,SPOK
2021-09-30,USD,28472000,35992000,8340000,7520000,-3557000,17703000,4063000,22035000,None,141000,141000,141000,35851000,10000,932000,0,-8126000,-912000,None,-2494000,-2657000,-3557000,-3557000,-7214000,SPOK
2021-06-30,USD,28811000,35784000,7859000,6973000,-1609000,16537000,4156000,20969000,None,61000,61000,61000,35723000,29000,1040000,0,-1519000,-800000,None,-719000,-716000,-1609000,-1609000,-719000,SPOK
2021-03-31,USD,28856000,36097000,7982000,7241000,-1740000,16050000,4444000,21127000,None,61000,61000,61000,36036000,-27000,1121000,417000,-1706000,591000,None,-2297000,-2283000,-1740000,-1323000,-2297000,SPOK
2020-12-31,USD,28680000,37480000,10238000,7833000,-24449000,15050000,4080000,8800000,None,51000,51000,51000,37480000,95000,1109000,625000,-24304000,22306000,None,-24449000,-46405000,-24449000,-23824000,-46610000,SPOK
2020-09-30,USD,31276000,37820000,6544000,6544000,2732000,15266000,3459000,18843000,None,127000,127000,127000,37693000,151000,1170000,625000,3010000,-155000,None,3165000,3227000,2732000,3357000,3165000,SPOK
2020-06-30,USD,29984000,35885000,5901000,5901000,3159000,14641000,2754000,17512000,None,146000,146000,146000,35739000,101000,1330000,625000,3406000,-353000,None,3759000,3862000,3159000,3784000,3759000,SPOK
2020-03-31,USD,29366000,37630000,8264000,8264000,-4108000,17612000,5449000,23161000,None,363000,363000,363000,37267000,-137000,1403000,625000,-3882000,657000,None,-4539000,-4759000,-4108000,-3483000,-4539000,SPOK
2019-12-31,USD,30748000,39548000,10560000,8051000,-12239000,17423000,7132000,8800000,None,351000,351000,351000,39548000,207000,1487000,46467,-11683000,-2172000,None,-12239000,-9612000,-12239000,7821000,-9511000,SPOK
2019-09-30,USD,32662000,39852000,7190000,7190000,-2692000,17408000,7437000,24983000,None,399000,399000,399000,39453000,163000,1542000,44646,-2130000,-804000,None,-1326000,-1431000,-2692000,417000,-1326000,SPOK
2019-06-30,USD,32738000,39977000,7239000,7239000,-1992000,17270000,6807000,24215000,None,452000,452000,452000,39525000,602000,1572000,40963,-938000,-268000,None,-670000,-703000,-1992000,151000,-670000,SPOK
2019-03-31,USD,34621000,42213000,7592000,7592000,1115000,16857000,6167000,23162000,None,449000,449000,449000,41764000,-236000,1596000,40374,1328000,586000,None,742000,682000,1115000,4090000,742000,SPOK
2018-12-31,USD,43256000,43256000,8773000,8772000,149000,16994000,6619000,25349000,None,629000,None,629000,43256000,-594000,1840000,2601000,184000,-5000,None,149000,1104000,149000,3356000,189000,SPOK
2018-09-30,USD,35078000,42860000,8141000,7782000,-1560000,19389000,5934000,25459000,None,384000,None,384000,42476000,-110000,2024000,2786000,-1286000,-446000,None,-481000,-1207000,-1560000,2611000,-840000,SPOK
2018-06-30,USD,33570000,40970000,7596000,7400000,-2346000,18834000,6177000,25146000,None,342000,None,342000,40628000,102000,1909000,2669000,-1902000,-730000,None,-976000,-1514000,-2346000,1077000,-1172000,SPOK
2018-03-31,USD,35685000,43397000,7878000,7712000,584000,18454000,5735000,24324000,None,283000,None,283000,43114000,-47000,1953000,2713000,820000,475000,None,511000,89000,584000,4519000,345000,SPOK
2017-12-31,USD,43770000,43770000,7123000,7122000,3589000,17733000,4934000,22802000,None,229000,None,229000,43770000,-281000,2009000,2775000,46304000,24920000,None,3589000,-21284000,3589000,6364000,21384000,SPOK
2017-09-30,USD,36781000,43850000,7069000,7069000,3325000,17591000,5001000,22733000,None,214000,None,214000,43636000,359000,2009000,2775000,3898000,171000,None,3727000,3552000,3325000,6100000,3727000,SPOK
2017-06-30,USD,35289000,42479000,7190000,7190000,2410000,17268000,4662000,22070000,None,154000,None,154000,42325000,89000,2082000,2851000,2653000,1155000,None,1498000,1580000,2410000,5261000,1498000,SPOK
2017-03-31,USD,34530000,41566000,7036000,7036000,1382000,17632000,4105000,21877000,None,122000,None,122000,41444000,-30000,2076000,3223000,1474000,620000,None,854000,858000,1382000,4605000,854000,SPOK
2016-12-31,USD,44184000,44184000,7482000,7482000,4703000,15695000,3702000,30287000,None,99000,None,275000,1000,100000,2013000,3176000,4902000,1876000,None,4703000,2917000,4703000,10755000,3026000,SPOK
2016-09-30,USD,37783000,45422000,7639000,7639000,6029000,16548000,3645000,16716000,None,67000,None,67000,-4000,85000,2066000,3229000,6181000,2123000,None,4058000,4058000,6029000,9282000,4058000,SPOK
2016-06-30,USD,37183000,44696000,7513000,7513000,5620000,16868000,3212000,17024000,None,61000,None,61000,1000,104000,2044000,3235000,5785000,2334000,None,3451000,3451000,5620000,8855000,3451000,SPOK
2016-03-31,USD,37420000,45437000,8017000,8017000,5800000,17039000,2908000,17345000,None,49000,None,49000,0,254000,2057000,3323000,6103000,2659000,None,3444000,3444000,5800000,9115000,3444000,SPOK
2015-12-31,USD,47339000,47339000,8035000,8035000,6550000,17313000,10280000,29006000,None,13000,None,16000,-1000,72000,2074000,3362000,6634000,-62098000,None,6550000,6550000,6550000,12232000,68732000,SPOK
2015-09-30,USD,38311000,46182000,7871000,7871000,6657000,16982000,2525000,17289000,None,1000,None,1000,628000,784000,2127000,3413000,7442000,3222000,None,4220000,4220000,6657000,10578000,4220000,SPOK
2015-06-30,USD,38841000,47972000,9131000,9131000,5621000,17262000,2579000,18932000,None,3000,None,3000,148000,264000,2162000,3448000,5888000,2512000,None,3376000,3376000,5621000,12357000,3376000,SPOK
2015-03-31,USD,39342000,48155000,8813000,8813000,6273000,18049000,2567000,18361000,None,-1000,None,1000,18000,60000,2207000,3747000,6332000,2415000,None,3917000,3917000,6273000,10340000,3917000,SPOK
2014-12-31,USD,51269000,51269000,10571000,10571000,4618000,19820000,9500000,30895000,None,-262000,None,262000,-5000,-188000,2354000,262000,4168000,-2744000,262000,4618000,6912000,4618000,4692000,6912000,SPOK
2014-09-30,USD,41728000,49728000,8000000,8000000,8073000,17938000,None,18672000,None,-63000,2000,65000,5000,-2000,2555000,65000,8008000,3356000,65000,4652000,4652000,8073000,8138000,4652000,SPOK
2014-06-30,USD,41850000,49030000,7180000,7180000,7368000,18770000,None,18962000,None,-64000,None,64000,-5000,-194000,2665000,64000,7110000,2819000,64000,4291000,4291000,7368000,7238000,4291000,SPOK
2014-03-31,USD,43249000,50054000,6805000,6805000,8092000,19381000,None,19838000,None,-67000,-2000,65000,2000,16000,2626000,65000,8041000,3151000,65000,4890000,4890000,8092000,8171000,4890000,SPOK
2013-12-31,USD,54685000,54685000,7500000,6099000,12315000,19377000,8700000,20493000,None,-64000,None,260000,151000,15000,2386000,64000,12266000,4251000,None,12315000,8015000,12315000,12379000,8015000,SPOK
2013-09-30,USD,44242000,49601000,6787000,5359000,9534000,18366000,None,18521000,None,-68000,None,68000,-5000,84000,2451000,65000,9550000,3788000,None,5762000,5762000,9534000,9599000,5762000,SPOK
2013-06-30,USD,46719000,52204000,6961000,5485000,11905000,18232000,None,18399000,None,-64000,None,64000,-168000,-75000,2405000,65000,11766000,4938000,None,6828000,6828000,11905000,11970000,6828000,SPOK
2013-03-31,USD,28452000,53067000,6667000,5183000,11740000,19368000,None,19431000,None,-64000,None,64000,1000,81000,2423000,64000,11757000,4832000,64000,6925000,6925000,11740000,11885000,6925000,SPOK
2012-12-31,USD,48484000,51884000,11786000,5709000,4614000,18581000,None,3400000,None,-62000,3000,65000,1000,289000,2547000,-4715000,4841000,2814000,65000,4614000,2027000,4614000,191000,2027000,SPOK
2012-09-30,USD,29624000,55052000,5105000,5105000,13047000,18509000,None,20323000,None,-64000,1000,65000,13000,52000,2910000,1625000,13035000,4987000,65000,8048000,8048000,13047000,14725000,8048000,SPOK
2012-06-30,USD,32056000,55895000,5216000,5216000,13810000,18413000,None,18623000,None,-66000,-2000,64000,308000,436000,2813000,64000,14180000,5733000,64000,8447000,8447000,13810000,14308000,8447000,SPOK
2012-03-31,USD,32682000,56385000,4816000,4816000,14257000,18822000,None,19049000,None,-188000,-123000,65000,-162000,-62000,2785000,65000,14007000,5545000,65000,8462000,8462000,14257000,14137000,8462000,SPOK
2011-12-31,USD,33636000,58536000,24900000,5430000,6101000,19461000,None,19461000,None,-404000,-317000,87000,9000,-7370000,2680000,87000,5827000,-8266000,87000,18946000,18946000,6101000,6001000,14093000,SPOK
2011-09-30,USD,35755000,60738000,24983000,5951000,16190000,19004000,None,19032000,None,-732000,-484000,248000,-155000,-1000,3323000,1546000,15457000,5010000,248000,10447000,10447000,16190000,17251000,10447000,SPOK
2011-06-30,USD,37622000,65171000,27549000,7077000,16163000,20455000,None,20472000,-862000,-862000,None,862000,None,7666000,3466000,5298000,22967000,4372000,None,18595000,18595000,16163000,21452000,18595000,SPOK
2011-03-31,USD,38448000,57335000,18887000,18887000,13376000,15627000,None,25088000,None,-256000,None,256000,None,154000,None,4540000,13274000,-27377000,None,None,None,13376000,17730000,40651000,SPOK
2010-12-31,USD,37376000,54648000,17272000,17272000,12668000,14829000,None,22970000,None,3000,None,None,None,-1773000,None,4226000,48694000,8154000,None,None,None,12668000,20785000,40540000,SPOK
2010-09-30,USD,39070000,56710000,17640000,17640000,16118000,12907000,None,22866000,None,6000,None,None,None,2320000,None,5899000,18444000,3060000,None,None,None,16118000,19869000,15384000,SPOK
2010-06-30,USD,40803000,59112000,18309000,18309000,13746000,15924000,None,27016000,None,None,None,None,None,180000,None,6698000,13930000,841000,None,None,None,13746000,20346000,13089000,SPOK
