fiscalDateEnding,reportedCurrency,grossProfit,totalRevenue,costOfRevenue,costofGoodsAndServicesSold,operatingIncome,sellingGeneralAndAdministrative,researchAndDevelopment,operatingExpenses,investmentIncomeNet,netInterestIncome,interestIncome,interestExpense,nonInterestIncome,otherNonOperatingIncome,depreciation,depreciationAndAmortization,incomeBeforeTax,incomeTaxExpense,interestAndDebtExpense,netIncomeFromContinuingOperations,comprehensiveIncomeNetOfTax,ebit,ebitda,netIncome,ticker
2024-12-31,USD,665155000,1401039000,735884000,735884000,13509000,637701000,None,666501000,None,-3391000,3009000,6400000,1401039000,-2563000,30900000,31221000,7529000,6295000,6400000,1234000,12537000,13509000,45150000,1234000,UAA
2024-09-30,USD,696132000,1399023000,702891000,702891000,173080000,519840000,None,520240000,None,-1747000,4353000,6100000,1399023000,-3420000,32300000,32735000,168246000,-2136000,6100000,170382000,155869000,173080000,207081000,170382000,UAA
2024-06-30,USD,562675000,1183665000,620990000,620990000,-299728000,837317000,None,879424000,None,2344000,8044000,5700000,1181676000,-2730000,32500000,32830000,-300277000,5149000,5700000,-305426000,-305137000,-299728000,-261747000,-305426000,UAA
2024-03-31,USD,599596000,1332197000,732601000,732601000,-3554000,603150000,None,603150000,None,2478000,14278000,11800000,-17861000,-3708000,31000000,35905000,-4759000,-11327000,11800000,6568000,5672000,-3554000,42946000,6568000,UAA
2023-12-31,USD,670639000,1486043000,814914000,815404000,71409000,599230000,None,602061000,None,-211000,5489000,5700000,21999000,47927000,33500000,35508000,119142000,8569000,5700000,114143000,94755000,69520000,160350000,110753000,UAA
2023-09-30,USD,748523000,1566674000,814715000,818151000,139473000,609050000,None,606636000,None,-373000,5127000,5500000,-13206000,-6104000,33200000,35008000,139108000,28436000,5500000,109614000,117577000,145759000,179616000,104711000,UAA
2023-06-30,USD,611495000,1316965000,709276000,705470000,22423000,589072000,None,624876000,None,-1626000,-1078000,548000,-8635000,-6060000,34300000,34695000,12520000,4328000,548000,8549000,-2075000,20930000,49237000,10010000,UAA
2023-03-31,USD,605493000,1398605000,792009000,793112000,29562000,575931000,None,614179000,None,-1651000,1997000,3648000,-12169000,-5740000,34400000,34964000,22780000,-152497000,3648000,170545000,162268000,35259000,61392000,174360000,UAA
2022-12-31,USD,696924000,1581487000,883376000,884563000,89491000,607433000,None,604246000,None,-1615000,-1067000,548000,35425000,42848000,34200000,34649000,140428000,17726000,548000,121617000,80287000,94659000,175625000,113070000,UAA
2022-09-30,USD,713834000,1573885000,860051000,860051000,119410000,594424000,None,594924000,None,-3555000,2945000,6500000,-9234000,-5771000,33200000,33686000,109176000,22251000,6500000,86925000,103353000,119410000,149362000,86925000,UAA
2022-06-30,USD,630197000,1349057000,718860000,718860000,34483000,595714000,None,628922000,None,-6000000,-5452000,548000,-8178000,-14241000,33900000,34321000,13339000,5657000,548000,7682000,13105000,34483000,48208000,7682000,UAA
2022-03-31,USD,605164000,1300945000,695781000,695781000,-45956000,594446000,None,629103000,None,-6154000,-4505000,1649000,6981000,-51000,34500000,34960000,-51429000,8181000,1649000,-59610000,-52086000,-45956000,-14820000,-59610000,UAA
2021-12-31,USD,775933000,1529205000,753272000,753272000,86131000,675666000,None,676166000,None,-7595000,-10606000,-3011000,-8368000,24037000,32800000,33297000,102859000,-6798000,-3011000,109657000,99976000,86131000,133145000,109657000,UAA
2021-09-30,USD,788104000,1545532000,757428000,757428000,172064000,599384000,None,599384000,None,-9261000,-5696000,3565000,-25156000,-29476000,36700000,37188000,132406000,18962000,27363000,113444000,119118000,172064000,173159000,113444000,UAA
2021-06-30,USD,668821000,1351534000,682713000,682713000,121205000,545003000,None,545003000,None,-13307000,-2243000,11064000,-33070000,-38494000,35800000,35147000,69234000,10027000,45792000,59207000,65188000,121205000,115445000,59207000,UAA
2021-03-31,USD,628641000,1257195000,628554000,628554000,106890000,514638000,None,555010000,None,-14137000,-8864000,5273000,-15277000,-7180000,33900000,35512000,87633000,9881000,5273000,77752000,87353000,106890000,128418000,77752000,UAA
2020-12-31,USD,693622000,1403766000,710144000,710144000,55846000,585778000,None,640336000,None,-15008000,-4648000,10360000,5426000,178646000,None,40815000,219145000,34691000,10360000,55846000,196126000,55846000,270320000,184454000,UAA
2020-09-30,USD,686320000,1433021000,746701000,746701000,58570000,553549000,None,552446000,None,-14955000,-9912000,5043000,-180000,-7184000,None,37250000,35232000,-3714000,5043000,38946000,39629000,58570000,77525000,38946000,UAA
2020-06-30,USD,349169000,707640000,358471000,358471000,-169674000,479906000,None,492515000,None,-11336000,-9532000,1804000,13414000,-4843000,None,38354000,-186032000,-3137000,1804000,-182895000,-184183000,-169674000,-145874000,-182895000,UAA
2020-03-31,USD,430984000,930240000,499256000,499256000,-558180000,552701000,None,1039612000,None,-5960000,-5897000,63000,-13105000,1534000,None,48565000,-568134000,21547000,63000,-585553000,-609169000,-558180000,-519506000,-589681000,UAA
2019-12-31,USD,681527000,1441225000,759698000,759698000,74073000,607454000,None,694192000,None,-5319000,-1255000,4064000,13202000,-3464000,None,45982000,22985000,38289000,4064000,74073000,-16698000,74073000,73031000,-15304000,UAA
2019-09-30,USD,689898000,1429456000,739558000,739558000,138920000,550978000,None,550978000,None,-5655000,-5592000,63000,-16399000,-429000,None,46722000,131659000,29344000,63000,102315000,92436000,138920000,178444000,102315000,UAA
2019-06-30,USD,554321000,1191729000,637408000,637408000,-11482000,565803000,None,565803000,None,-5988000,-5924000,64000,-87000,-1128000,None,47257000,-23089000,-5740000,64000,-17349000,-16665000,-11482000,24232000,-17349000,UAA
2019-03-31,USD,544787000,1204722000,659935000,659935000,35259000,509528000,None,557000000,None,-4238000,-4175000,63000,717000,-667000,None,46464000,30608000,8131000,63000,22477000,21288000,35259000,77135000,22477000,UAA
2018-12-31,USD,625227000,1389980000,764753000,764753000,-10447000,587446000,None,512341000,None,-7302000,-3838000,3464000,-5551000,272000,None,46739000,-17025000,-21243000,3464000,-10447000,9591000,-10447000,33178000,4218000,UAA
2018-09-30,USD,665207000,1442976000,777769000,777769000,118966000,527640000,None,546241000,None,-9151000,-9088000,63000,2919000,-4294000,None,43758000,106140000,30874000,63000,75266000,69395000,118966000,149961000,75266000,UAA
2018-06-30,USD,526584000,1174859000,648275000,648275000,-104875000,552619000,None,631459000,None,-8552000,-8488000,64000,-20518000,-8069000,None,45173000,-121634000,-26090000,64000,-95544000,-112950000,-104875000,-76397000,-95544000,UAA
2018-03-31,USD,523453000,1185370000,661917000,661917000,-28661000,514634000,None,598371000,None,-8564000,-8501000,63000,4871000,2888000,None,46098000,-34335000,-4093000,63000,-30244000,-13116000,-28661000,11826000,-30242000,UAA
2017-12-31,USD,593558000,1369216000,775658000,775658000,-37088000,594694000,None,633244000,None,-9301000,-5837000,3464000,-1977000,-2231000,None,45259000,-48622000,39300000,3464000,-37088000,-89205000,-37088000,101000,-87922000,UAA
2017-09-30,USD,648726000,1408991000,760265000,760265000,62180000,501548000,None,558072000,None,-9575000,-9512000,63000,233000,-1069000,None,45121000,51536000,-2706000,63000,54242000,64348000,62180000,96720000,54242000,UAA
2017-06-30,USD,501193000,1091192000,589999000,589999000,-4785000,502880000,None,506131000,None,-7841000,-7777000,64000,21193000,-2884000,None,42354000,-15510000,-3202000,64000,-12308000,-11129000,-4785000,26908000,-12308000,UAA
2017-03-31,USD,507937000,1119845000,611908000,611908000,7536000,500400000,None,539456000,None,-7820000,-7757000,63000,7485000,2570000,None,41013000,2286000,4558000,63000,-2272000,1660000,7536000,43362000,-2272000,UAA
2016-12-31,USD,583704000,1461861000,1180765000,721573000,163900000,427807000,None,460268000,None,-7958000,None,7958000,-15455000,-1730000,None,39388000,154211000,50981000,None,163900000,101119000,163900000,203288000,103230000,UAA
2016-09-30,USD,698624000,1412069000,1272263000,772949000,199310000,499314000,None,499314000,None,-8189000,None,8189000,-1650000,-772000,None,37645000,190349000,62124000,None,128225000,123454000,199310000,236955000,128225000,UAA
2016-06-30,USD,477647000,943001000,981405000,523136000,19378000,458269000,None,458269000,None,-5754000,None,5754000,-7525000,-2955000,None,35716000,10669000,4325000,None,6344000,4912000,19378000,55094000,6344000,UAA
2016-03-31,USD,480636000,1017447000,1044840000,567066000,34883000,445753000,None,478158000,None,-4532000,None,4532000,11461000,2702000,None,32021000,33053000,13873000,None,19180000,20365000,34883000,66904000,19180000,UAA
2015-12-31,USD,561670000,1170686000,1021833000,609016000,177582000,384088000,None,412932000,None,-4056000,None,4056000,-8153000,-2196000,None,28729000,171330000,65728000,None,177582000,99647000,177582000,206311000,105602000,UAA
2015-09-30,USD,587160000,1153945000,1032712000,616949000,171397000,415763000,None,415763000,None,-4100000,None,4100000,-7312000,-3239000,None,26147000,164058000,63581000,None,100477000,88814000,171397000,197544000,100477000,UAA
2015-06-30,USD,379053000,752358000,751676000,404524000,31901000,347152000,None,347152000,None,-4262000,None,4262000,4709000,41000,None,24756000,27680000,12914000,None,14766000,14485000,31901000,56657000,14766000,UAA
2015-03-31,USD,377664000,762060000,798582000,427277000,27667000,349997000,None,371532000,None,-2210000,None,2210000,-15302000,-1840000,None,21308000,23617000,11889000,None,11728000,-578000,27667000,48975000,11728000,UAA
2014-12-31,USD,446264000,895201000,768604000,448937000,146299000,299965000,None,325150000,None,-1727000,None,1727000,-7041000,-2428000,None,19702000,142144000,54435000,None,146299000,79894000,146299000,166001000,87709000,UAA
2014-09-30,USD,465300000,909568000,791802000,472608000,146106000,319194000,None,319194000,None,-1535000,None,1535000,-4900000,-3355000,None,18044000,141216000,52111000,None,89105000,81658000,146106000,164150000,89105000,UAA
2014-06-30,USD,299952000,588269000,574960000,309702000,34694000,265258000,None,265258000,None,-1227000,None,1227000,526000,247000,None,17027000,33714000,16024000,None,17690000,17640000,34694000,51721000,17690000,UAA
2014-03-31,USD,300690000,623293000,632071000,340917000,26856000,273834000,None,291206000,None,-846000,None,846000,-707000,-874000,None,17320000,25136000,11598000,None,13538000,11848000,26856000,44176000,13538000,UAA
2013-12-31,USD,350353000,474663000,598786000,332403000,98467000,251886000,None,269017000,None,-806000,None,806000,-618000,-502000,None,14497000,97159000,32993000,None,98467000,63938000,98467000,112964000,64166000,UAA
2013-09-30,USD,350135000,705605000,602317000,373011000,120829000,229306000,None,229306000,None,-691000,None,691000,-1153000,-113000,None,12434000,120025000,47241000,None,72784000,75436000,120829000,133263000,72784000,UAA
2013-06-30,USD,219631000,442185000,422231000,234910000,32310000,187321000,None,187321000,None,-711000,None,711000,-410000,-797000,None,11776000,30802000,13236000,None,17566000,17312000,32310000,44086000,17566000,UAA
2013-03-31,USD,216551000,461610000,469958000,255057000,13492000,203059000,None,215657000,None,-725000,-25000,700000,-56000,240000,None,11842000,13007000,5193000,700000,7814000,5470000,13492000,25549000,7814000,UAA
2012-12-31,USD,254235000,356565000,435598000,251628000,81592000,172643000,None,185709000,None,-1205000,495000,1700000,-39000,-634000,None,11327000,79753000,29621000,1700000,81592000,51004000,81592000,92780000,50132000,UAA
2012-09-30,USD,280391000,560872000,484216000,294805000,90980000,189411000,None,190711000,None,-1303000,-3000,1300000,-85000,-31000,None,11041000,89646000,32329000,1300000,57317000,57929000,90980000,101987000,57317000,UAA
2012-06-30,USD,169467000,358174000,357753000,200006000,11720000,157747000,None,159047000,None,-1320000,-20000,1300000,-10000,510000,None,10123000,10910000,4242000,1300000,6668000,5390000,11720000,22333000,6668000,UAA
2012-03-31,USD,175204000,374884000,370577000,209185000,24403000,150801000,None,163182000,None,-1355000,45000,1400000,-390000,82000,None,10591000,23130000,8469000,1400000,14661000,14795000,24403000,35121000,14661000,UAA
2011-12-31,USD,207905000,283644000,-398558000,177021000,55302000,152603000,None,-151736000,None,-1413000,-13000,1400000,-17000,1000,None,10333000,53890000,21338000,1400000,55302000,32259000,55302000,65623000,32552000,UAA
2011-09-30,USD,225101000,453537000,400458000,248422000,74965000,150136000,None,153636000,None,-1552000,48000,1600000,0,-1193000,None,9238000,72220000,26233000,1600000,45987000,45269000,74965000,83058000,45987000,UAA
2011-06-30,USD,134779000,283760000,285378000,161957000,11358000,123421000,None,123721000,None,-297000,3000,300000,-17000,-362000,None,8117000,10699000,4458000,300000,6241000,6573000,11358000,19116000,6241000,UAA
2011-03-31,USD,145051000,312118000,300170000,167648000,21142000,123909000,None,132524000,None,-579000,21000,600000,-2000,-510000,None,8613000,20053000,7914000,600000,12139000,12805000,21142000,29266000,12139000,UAA
2010-12-31,USD,155578000,301166000,274106000,145588000,35190000,120388000,None,128518000,None,-590000,10000,600000,0,-142000,None,8130000,34458000,11510000,600000,35190000,22948000,35190000,43188000,22948000,UAA
2010-09-30,USD,167372000,328026000,271879000,161196000,56689000,110683000,None,110683000,None,-542000,-42000,500000,-65000,-184000,None,7842000,55963000,21106000,500000,34857000,34857000,56689000,64305000,34857000,UAA
2010-06-30,USD,99926000,204206000,197894000,104860000,6892000,93034000,None,93034000,None,-580000,20000,600000,None,-167000,None,7752000,6145000,2643000,600000,3502000,5325000,6892000,14497000,3502000,UAA
2010-03-31,USD,107631000,229407000,121776000,121776000,13584000,94047000,None,94047000,None,-546000,None,546000,None,-685000,None,7597000,12353000,5183000,None,None,None,13584000,21181000,7170000,UAA
2009-12-31,USD,113852000,222217000,108076000,108076000,26933000,86919000,None,87208000,None,-435000,None,435000,None,-258000,None,7454000,26240000,11038000,None,None,None,26933000,34387000,15202000,UAA
2009-09-30,USD,133320000,269546000,135491000,135491000,47063000,86257000,None,86992000,None,-466000,None,466000,None,96000,None,7262000,46693000,20511000,None,None,None,47063000,54325000,26182000,UAA
2009-06-30,USD,73729000,164648000,90370000,90370000,3381000,70348000,None,70897000,None,-583000,None,583000,None,-362000,None,6701000,2436000,997000,None,None,None,3381000,3381000,1439000,UAA
